2038 2994
191 167 244 226 ειε
452 119 686 210 πεεοσσπῖ
724 179 726 182 -

190 287 243 362 ριές
254 305 282 339 τε
294 279 341 339 καί
350 279 532 359 Ἑρμοτύβιες·
544 283 572 338 ἐκ
583 283 670 353 νομῶν
683 279 711 336 δέ
723 280 804 338 τῶνδέ
814 277 871 336 εἶσι·
890 303 931 336 και

190 369 224 422 τά
235 370 289 443 γάρ
301 367 332 437 δή
347 367 445 441 νομοδς
455 368 592 442 Αἴγυπτος
604 361 698 421 άπασα
709 362 885 441 διαραίρηται.

247 478 314 540 165.
335 477 517 558 Ἑρμοτυβίων
527 481 577 555 μέν
591 481 645 538 οἵδε
658 478 709 538 εἶσί
722 481 815 555 νομοί·
839 489 935 550 Βουσι-

189 568 278 641 ρίτης,
305 565 419 636 Σαΐτης,
445 565 590 638 Χεμμίτης,
617 565 809 640 Παπρημίτης,
831 559 934 634 νῆσοςίς
1002 567 1003 634 λ

189 652 358 721 Προςωπλτις
381 651 538 723 καλεομένη,
565 647 655 704 Ναθώ
674 651 705 703 τὸ
725 643 815 721 ἥμισυ.
843 651 870 702 ἐκ
890 648 935 719 μέν
1002 659 1003 666 ’

191 734 302 788 τουτέων
314 734 365 789 τῶν
376 735 464 805 νομῶν
473 729 644 807 Ἐρμστάβιές
657 727 707 786 εἶσι
719 733 868 806 γινόμενοι,
895 727 936 786 ὅτε

189 813 233 874 ίπὶ
250 815 388 880 πλείστους
404 815 542 890 γενοίατο,
569 813 709 870 ἑκκαίδεκα
730 813 864 890 μυριάδες.
893 813 937 870 καί

189 897 290 954 τούτων
303 900 451 970 βαναυσίης
461 894 546 962 οὐδεὶς
557 897 667 968 δεδάηκε
679 891 767 965 οδδίν,
782 894 836 956 ἀλλ’
849 895 936 954 άνέον·

188 1003 230 1040 τα,
245 985 270 1046 ἐς
282 982 312 1037 τδ
323 983 448 1056 μάχιμον.

246 1096 311 1154 ι66.
325 1097 498 1171 Καλασιρίων
513 1097 541 1152 δέ
553 1096 609 1154 ολδε
621 1093 698 1154 ἄλλοι
708 1095 787 1169 νομοί
799 1092 858 1152 εἶσι·
887 1102 938 1166 (νη-

189 1183 277 1254 βαῖος,
296 1181 490 1252 Βουβαστίτης,
511 1177 652 1252 Ἀφθίτης,
680 1183 805 1250 Τανίτης,
830 1180 939 1248 Μενδή-

190 1285 253 1330 σιος,
267 1259 605 1338 ὶέβεννίιτης,’ν1θριβίτης,
625 1265 823 1342 Φαρβαιθίτης,
840 1263 940 1362 θμουί·

190 1367 250 1418 της,
267 1341 438 1418 Ὀνουφίτης,
452 1343 573 1411 ’Ἄνδριος
579 1389 586 1413 ,
602 1349 807 1422 Μυεκφορίτης·
831 1345 940 1412 ουτοςδ

189 1433 270 1512 νιηιιδς
285 1433 313 1486 ἐν
330 1431 403 1505 νήσρι
421 1428 512 1498 οἰκέει,
540 1428 631 1486 άντίον
653 1433 823 1503 Βουβάστιος
839 1431 940 1495 πόλιος.

190 1513 267 1569 οἱιτοι
280 1512 308 1568 δέ
322 1511 350 1567 οἱ
366 1513 445 1586 νομοί
462 1517 634 1590 Καλασιρίων
653 1511 703 1569 εἶσί
720 1514 868 1588 γενόμενοι,
898 1510 941 1570 ὅτι

189 1595 233 1652 ἐπὶ
252 1597 389 1660 πλείστους
406 1599 539 1670 ε’γενέατο,
565 1599 641 1652 πέντε
660 1595 706 1653 καί
719 1599 802 1652 είκοσι
814 1597 942 1672 μυριάδες

190 1677 302 1753 ἀνδρῶν.
329 1675 391 1732 οὐδὲ
403 1680 523 1735 τούτοισι
536 1677 616 1742 έξεστι
628 1683 720 1750 τέχνην
732 1683 882 1748 ἐπασκῆσαι
896 1676 942 1736 οὐ·

190 1760 288 1835 δεμίην,
304 1758 371 1815 ἄλλά
384 1762 417 1815 τά
429 1765 455 1824 ἐς
466 1764 582 1834 πόλεμον
594 1767 753 1820 ἐπασκέουσι
763 1764 861 1835 μοῦνα,
876 1767 943 1828 παῖς

189 1845 264 1920 ιταρά
276 1845 376 1919 πατρὸς
387 1843 562 1918 ἐκδεκόμενος.

246 1939 311 2020 1673
325 1941 361 1999 Εἰ
373 1947 420 2016 μέν
437 1964 485 2000 νυν
500 1945 545 2003 καί
559 1947 640 2002 τοῦτο
653 1938 715 2020 παρ’
729 1941 884 2020 Αίγιπττίων
896 1967 944 2021 με·

175 2026 330 2100 μαθηκασι
349 2027 376 2082 οἱ
393 2023 524 2098 Ἓλληνες,
553 2025 603 2086 οιίκ
622 2029 670 2098 ἔγω
693 2025 816 2102 άτρεκέως
840 2033 942 2102 κρῖναι·

188 2109 268 2184 δρὲων
281 2110 326 2165 καί
340 2111 454 2185 Θρήϊκας
467 2109 513 2167 καί
525 2114 640 2176 Σκύθας
652 2110 699 2166 καί
711 2114 818 2188 Πέρσας
831 2111 945 2168 καίΛα-

189 2192 258 2259 δοιίς,
274 2193 320 2248 καί
333 2195 426 2262 σχεδὸν
439 2196 539 2258 πάντας
550 2197 613 2262 τοὺς
624 2196 788 2269 βαρβάρους,
807 2192 945 2268 άποτιμο-

187 2277 278 2350 τέρους
290 2278 341 2332 τῶν
357 2273 441 2334 άλλων
452 2275 598 2351 ἡγημένους
611 2281 755 2347 πολιητέων
766 2279 829 2342 τοὺς
842 2280 891 2343 τάς
903 2280 945 2334 τί·

184 2379 250 2430 γνας
262 2362 458 2430 μανθάνοντας,
474 2360 519 2416 καί
531 2363 593 2429 τοὺς
604 2364 730 2436 ἐκγόνους
742 2361 852 2416 τρίτων·
877 2362 947 2426 τοῦς

186 2437 215 2496 δ’
234 2439 453 2517 άπαλλαγμένους
472 2447 523 2500 τῶν
542 2447 727 2520 χειρωναξιέων
739 2445 881 2519 γενναίους
899 2463 948 2500 νο·

185 2527 340 2599 ιαζομένους
352 2520 433 2592 εἶναι,
460 2527 505 2582 καί
516 2531 630 2599 μάλιστα
647 2528 710 2592 τούς
722 2532 746 2592 ἐς
759 2529 806 2583 τὸν
822 2529 947 2600 πόλεμον

195 2604 344 2681 ’νειμένους
363 2610 539 2682 μεμαθήκασι
553 2607 580 2666 δ’
596 2599 631 2666 ὦν
643 2613 723 2667 τοῦτο
734 2613 829 2675 πάντες
842 2607 947 2666 om·
