2020 3002
183 149 243 208 τεο
450 135 672 192 σττουοτι

185 287 239 331 σαι,
254 264 414 340 κατάγοντες
420 261 589 327 Συλοσῶντα,
605 254 669 316 οὔτέ
681 258 722 324 τίς
734 280 782 332 σφι
793 261 890 335 κείρας
902 257 953 316 άν·
943 303 992 370 ρ

188 352 323 424 ταείρειαι,
351 345 519 404 ὑπόσπονδοί
538 367 566 402 τε
582 344 687 416 έφασαν
713 339 781 400 εἶναι
797 349 906 418 ἑτοῖμοι
925 345 954 402 οἱ

185 435 234 490 τοῦ
246 432 423 504 Μαιανδρίου
436 432 593 495 στασιῶται,
608 428 653 484 καί
667 421 748 492 οὗτός
761 429 950 504 Μαιάνδριος,

184 521 332 594 ἐκχωρῆσαι
344 519 416 571 ἐκ
385 537 430 585 της
444 535 507 584 νηοο
513 534 536 569 υ
563 515 768 577 καταινεοαντος
781 508 837 567 δ
824 513 872 570 επὶ
887 513 952 570 τοὺ·

185 621 255 657 τοιοι
271 595 384 656 Ὀτάνεω
404 599 451 654 καὶ
469 599 662 670 σπεισαμένου,
694 598 744 652 τῶν
768 600 899 670 Περσέων
923 596 951 653 οἳ

184 685 312 742 πλείστου
329 677 401 747 άξιοι
419 685 538 756 θρόνους
556 682 683 754 θέμενοι,
707 681 884 738 κατεναντίον
901 685 952 753 τῆς

185 765 371 842 άκροπόλιοςέ
371 770 493 822 κατέατο.

243 854 310 914 145.
337 849 510 950 Μαιανδρίου
523 849 551 904 δὲ
571 848 605 921 τῷ
596 849 744 948 τυράννῳ
762 835 795 918 ίην
816 845 950 948 ιίδελφεός

185 933 462 1010 ὑπομαργότερος,
426 956 462 989 τω
476 953 580 1005 ουνομα
593 954 626 1000 ην
640 933 782 1036 Χαρίλεως·
798 919 880 1000 οὗτος
891 933 950 990 δτι-

186 1021 219 1090 όη
232 1017 390 1095 ἐξαμαρτὼν,
404 1021 433 1074 έν
443 1017 563 1092 μορμίρη
576 1015 687 1072 εδέδετο·
704 1038 749 1072 και
740 1013 795 1085 δη
809 1018 872 1072 τότε
882 1022 950 1075 έπα·
991 1041 992 1078 ι

185 1103 285 1168 κοόοας
295 1125 322 1158 τε
335 1123 369 1158 τα
361 1105 561 1176 ’πρησσόμενα
567 1121 613 1154 και
604 1098 760 1173 διακόψας
768 1099 855 1156 διά”
824 1123 870 1172 της
883 1124 951 1177 γορ-

185 1186 275 1264 μίνρης,
306 1185 340 1251 ὥς
353 1180 405 1241 είδε
424 1187 486 1250 τοὺς
499 1187 607 1260 Πέρσας
620 1182 756 1257 εἰρηναίως
768 1189 948 1256 κατημένους,
991 1175 992 1262 λ

185 1272 252 1344 ίβόα
264 1290 291 1326 τι
304 1269 350 1328 καί
364 1268 413 1342 ἔφη
428 1273 515 1344 λέγων,
536 1268 699 1343 Μαιανδρίῳ
712 1271 801 1326 θέλειν
814 1273 938 1326 ιλθεῖν’
924 1293 951 1336 ες

185 1356 289 1430 λόγους.
311 1354 463 1417 ἐπακούσας
479 1353 537 1408 666
554 1353 732 1427 Μαιάνδριος,
747 1352 884 1418 λύσαντας
898 1351 950 1410 αὖ·

186 1441 234 1496 τόν
246 1435 373 1496 έκέλεινε”
354 1459 429 1514 αμιιν
443 1459 500 1513 παρ
498 1432 664 1493 '‘6wvtdv.
647 1459 680 1502 ως
670 1437 722 1492 δὲ
734 1432 808 1508 ιιχδη
822 1439 948 1507 τάχιστα,

186 1525 327 1600 λοιδορέων
339 1543 367 1577 τε
380 1545 426 1579 και
415 1520 553 1587 κακίζων
565 1541 617 1593 μιν,
640 1518 774 1578 άνέπειθε
792 1524 950 1579 ἐπιθέσθαι

186 1610 258 1664 τοῖσι
271 1611 406 1681 Πέρσησι,
420 1607 501 1681 λέγων
513 1605 610 1668 τοιάδε,
637 1599 736 1678 ,,Εμέ·
730 1607 786 1678 μέν,
801 1627 823 1660 οι
836 1608 951 1662 κάκιστε

187 1687 320 1762 ,,άνδρῶν,
342 1692 421 1745 ἐόντα
432 1693 549 1746 σεωυτοῦ
564 1686 698 1759 άδιλφεόν,
720 1711 764 1744 και
755 1686 951 1760 άδικὴοαντα

187 1769 287 1841 ,,ουδεν
298 1769 373 1835 άξων
387 1772 493 1846 δεσμοῦ,
508 1773 591 1842 δησας
601 1771 735 1876 μορμόρης
747 1771 870 1843 η’ξίωσας·
890 1775 951 1849 ὁρέ-

187 1878 244 1926 ,,ων
257 1855 286 1911 δέ
300 1857 359 1922 τοὺς
371 1858 479 1931 Πέρσας
500 1858 715 1929 εκβυλλοντιις
686 1878 714 1913 τε
732 1877 761 1912 σε
774 1856 821 1912 καί
833 1854 951 1915 ἄνοικον

188 1943 355 2008 ,,ποιείνντας,
373 1960 406 1996 ου
397 1935 518 2016 τολμᾷς
528 1941 665 2005 τίσασθαι,
687 1935 756 1995 οίίτω
769 1941 799 2010 δή
814 1962 841 1997 τι
853 1946 991 2030 ἐόντας
990 1927 991 1948 ¹

188 2021 332 2094 ,,εὖντετέας
347 2030 525 2098 χειρωδηναι,·
548 2019 636 2080 ἄλλ’
616 2046 639 2079 ει
654 2044 681 2079 τι
698 2023 732 2080 σίν
750 2045 833 2096 σφεας
845 2005 991 2103 καταδ-

188 2109 336 2210 ,,ρώδηκρις,
354 2108 415 2181 ἐμοὶ
427 2109 471 2172 δός
485 2110 546 2172 τοὺς
558 2097 723 2184 ἐπικούρους,
739 2109 787 2164 καί
797 2130 920 2186 σφεας
899 2111 952 2167 ένιίι
990 2107 991 2188 λ

188 2194 398 2296 ,,τιμωρίησομαι
403 2215 448 2264 της
461 2190 590 2248 ένθάδι’
573 2192 683 2257 απίξιος·
710 2188 795 2249 αάτόν
815 2195 843 2250 τέ
863 2216 896 2252 σε
908 2200 951 2252 ε’κ-
990 2197 991 2242 ί

189 2279 314 2351 ,,ιτέμψαι
326 2280 398 2332 ίκ
367 2299 413 2345 της
426 2278 509 2346 νησου
522 2278 626 2349 ἑτοῖμός
638 2273 722 2350 είμι.“

246 2358 313 2416 146.
343 2363 435 2416 Ταῦτα
450 2359 477 2414 δέ
490 2360 553 2424 ἔλεξε
569 2360 585 2414 6
600 2361 747 2436 Χαρίλεως·
772 2357 951 2439 Μαιάνδριος

187 2443 217 2500 δέ
231 2442 344 2516 ὑπέλαβε
360 2446 405 2498 τόν
422 2445 518 2516 λόγον,
539 2443 571 2508 ὡς
586 2445 634 2515 μὲν
653 2443 703 2518 ε’μὼ
724 2444 821 2511 δοκέω,
849 2442 905 2502 οὔκ
925 2454 951 2514 ἐς

186 2527 266 2582 τοῦτο
281 2524 434 2602 άφροοίννης
447 2525 611 2598 ἀπικόμενος,
640 2526 673 2592 ὡς
691 2527 766 2592 δόξαν
779 2529 827 2598 τήν
841 2533 950 2588 ἑωυτοίλΙ

187 2607 301 2681 δύναμιν
313 2613 485 2686 περιέσεσθαι
499 2614 542 2680 τῆς
554 2613 691 2681 βασιλῆος,
719 2609 784 2668 άλλά
797 2616 951 2685 φθονήσας

190 2691 286 2746 ’σίλλων
305 2695 471 2757 Συλοσῶντι,
498 2691 522 2752 εί
544 2691 656 2762 άπονητί
679 2695 763 2764 ἔμελλε
782 2693 948 2770 ἀπολάμψε-

987 2779 988 2818 λ
