2038 2994
238 155 326 226 τεο.
344 156 380 208 11.
416 155 504 206 CAP.
524 157 647 212 εε-εε.
769 164 824 222 159

71 282 140 358 φίλων
152 278 234 337 ἔθνεα
247 281 345 348 πολλοὶ,
371 280 441 349 πλὴν
458 275 526 336 όσον
538 276 659 350 Ἕλληνες
670 278 717 335 ’καὶ
733 282 824 336 Φοίνι-

70 389 110 430 κες
121 365 217 434 έχουσι·
230 359 303 418 τόδ’
318 361 384 439 ὑπέρ
397 365 540 434 θαλοίσσης
552 384 579 420 τε
591 363 700 420 καὶτῶν
712 363 758 420 ἐπὶ
769 366 823 422 θοί·

68 454 168 508 λασσαν
180 449 350 518 κατηκόντων
362 445 523 524 ἀνθρώπων,
551 446 585 503 τὰ
602 446 757 523 κατύπερθε
769 453 823 518 θη·

68 534 162 609 ριώδης
174 531 229 590 ίστί
242 528 259 602 ί]
272 530 379 605 Λιβόη·
404 532 438 587 τὰ
457 532 485 588 δέ
498 530 652 609 κατόπερθε
664 535 710 602 τῆς
721 533 824 608 θηριώ·

69 620 126 683 δεος
139 621 248 692 ψοίμμος
259 618 288 672 τέ
298 620 361 684 ἐστι,
381 615 427 672 καί
440 612 555 694 όίνυδρος
568 616 656 680 δεινῶς
668 616 714 672 καὶ
727 615 822 692 έρημος

65 706 179 760 πάντων.
205 695 282 757 εἶπον
299 687 348 768 ών,
372 701 439 766 ’τοδς
460 704 564 772 νεηνίας
581 699 824 802 ἀποτρεπομένους

68 787 120 844 ώπό
132 788 184 842 τῶν
195 781 301 856 ἡλίκων,
320 780 405 841 ὕδασί
422 805 450 841 τε
463 785 509 841 καὶ
522 786 631 842 σιτίοισι
643 805 673 840 εν
686 785 823 862 ἐξηρτυμέ-

67 891 139 938 νους,
153 867 359 944 ίέναιταπρῶτα
372 871 421 943 μέν
434 868 478 925 διδ
491 873 538 939 τῆς
550 867 708 942 οἰκεομένης·
721 868 823 938 ταώτην

66 956 94 1012 δέ
107 955 324 1019 διεξελθόνταςίς
337 954 386 1022 τὴν
399 954 537 1029 θηριώδεα
556 951 719 1010 ἀπικέσθαι·
746 957 774 1010 ίκ
794 951 823 1008 δέ

65 1039 162 1109 ταύτης
173 1040 222 1108 τὴν
235 1037 332 1112 ἔρημον
346 1038 480 1104 διεξιέναι,
508 1039 556 1107 τήν
569 1037 634 1094 ὁδόν
647 1039 823 1111 ποιευμένους

65 1126 132 1198 πρός
148 1125 262 1197 ζέφυρον
279 1116 392 1194 ἄνεμον·
419 1122 602 1188 διεξελθόντας
615 1121 643 1176 δέ
653 1124 742 1197 χῶρον
755 1123 822 1177 πολ·

64 1210 112 1264 λόν
125 1205 287 1282 ψαμμώδεα,
314 1205 361 1262 καί
378 1209 406 1262 ἐν
424 1206 538 1280 πολλῇσι
552 1201 681 1281 ἡμέρῃσι,
708 1203 775 1262 ίδεῖν
789 1203 821 1273 δὴ

64 1312 124 1348 κοτε
137 1289 246 1367 δένδρεα
257 1294 286 1346 έν
298 1289 380 1363 πεδίῳ
393 1293 539 1362 πεφυκότα·
564 1292 610 1346 καί
622 1309 705 1362 σφεας
717 1291 823 1364 προςελ·
868 1351 876 1362 ,

63 1377 167 1450 θέντας
185 1371 324 1432 ἅπτεσθαι
348 1375 397 1430 τοῦ
417 1377 541 1438 ἐπεόντος
564 1373 676 1430 ἐπὶτῶν
695 1373 823 1447 δενδρέων

63 1459 185 1535 καρποῦ·
213 1456 387 1532 ἁπτομένοισι
407 1457 436 1515 δέ
452 1479 502 1530 σφι
523 1460 647 1513 ἐπελθεῖν
663 1451 762 1529 ἄνδρας
779 1477 822 1530 μι-

63 1544 155 1620 κρτδς,
165 1543 277 1618 μετρίων
290 1544 435 1606 ἐλάσσονας
448 1541 558 1615 ἀνδρῶν,
567 1542 699 1614 λαβόντας
711 1535 821 1615 δέίίγειν
849 1567 850 1572 ’

63 1630 162 1700 σφέας·
177 1630 267 1700 φωνῆς
280 1624 309 1681 δέ
323 1621 384 1681 οὔτε
396 1646 422 1680 τι
434 1630 479 1696 τῆς
492 1627 597 1682 ἐκείνων
610 1625 673 1688 τσδς
686 1625 822 1697 Νασαμῶ-
855 1665 857 1674 .

62 1733 113 1776 νας
124 1713 271 1786 γινώσκειν,
297 1705 361 1765 οὔτε
371 1709 434 1774 τοδς
446 1706 561 1784 ἄγοντας
572 1711 623 1764 τῶν
637 1709 821 1782 Νασαμώνων.

61 1793 141 1871 οἴγειν
153 1816 180 1850 τε
193 1795 225 1865 δι]
240 1791 338 1858 αὗταδς
358 1788 397 1848 δι’
413 1795 490 1850 ἑλέων
501 1795 644 1869 μεγίστων,
668 1793 716 1848 καί
729 1791 822 1856 διεξελ·

60 1883 167 1944 θόντας
178 1881 263 1937 ταῦτα
277 1875 428 1935 οἷπεκέαθαι
440 1881 465 1942 ἐς
478 1881 556 1935 πόλιν
561 1920 570 1945 ,
589 1879 618 1933 έν
628 1876 661 1950 τῇ
672 1877 774 1940 πάντας
786 1869 822 1931 εί·

60 1985 109 2020 ναι
123 1967 194 2020 τοῖσι
212 1959 310 2038 ίίγουσι
322 1964 353 2018 τό
366 1963 490 2036 μέγαθος
501 1965 585 2027 λ’σσσς,
596 1963 690 2034 χρῶμα
703 1959 731 2016 δέ
742 1962 823 2034 μίλα-

59 2068 118 2113 νας.
143 2050 220 2122 παρσί
234 2047 263 2102 δέ
275 2048 324 2116 τὴν
336 2048 416 2103 πόλιν
428 2049 495 2122 ῥέειν
507 2046 631 2118 ποταμόν
642 2046 734 2117 μέγαν·
754 2046 823 2119 ῥέειν
875 2047 878 2059 ’

59 2131 92 2188 δέ
105 2129 163 2188 dne>
177 2133 287 2208 ἑσπέρης
299 2126 382 2187 αὐτόν
395 2134 461 2205 πρὸς
473 2127 547 2198 ἥλιον
561 2126 746 2185 ἀνατέλλοντα·
756 2128 823 2200 φαὶ·

57 2219 164 2272 νεοθαι
177 2216 205 2272 δέ
218 2219 246 2272 έν
260 2210 331 2289 αδτηί
344 2195 587 2323 κροκοδείλουςγ

118 2297 170 2356 33.
182 2295 214 2356 ‘0
225 2301 274 2374 μέν
287 2299 319 2368 δη
338 2300 387 2354 τοῦ
396 2295 542 2374 Ἀμμωνίου
557 2297 694 2373 Ετειίργον
706 2297 784 2371 λόγος
796 2300 823 2359 ές

55 2385 146 2443 τοῦτό
154 2404 211 2458 μοι
223 2383 396 2454 δεδηλώσθω·
422 2383 492 2452 πλὴν
503 2378 546 2438 ὅτι
558 2379 746 2452 οίπονσστῆοαί
758 2400 785 2435 τε
798 2379 823 2434 2⁴-

55 2489 153 2543 φασκε
171 2468 234 2534 τοδς
254 2469 436 2542 Νασαμῶνας,
459 2465 493 2532 ώς
511 2465 539 2524 οἳ
555 2469 709 2543 Κυρηναῖοι
722 2464 819 2538 ἔλεγον,

53 2552 107 2610 καί
126 2556 155 2618 ἐς
167 2553 230 2617 τούς
243 2537 322 2608 οὗτοι
335 2549 463 2622 οίπίκοντο
479 2549 642 2628 ἀνθρώπους
646 2592 655 2618 ,
674 2539 820 2624 γόηταςεὶ

53 2658 105 2694 ναι
118 2638 233 2702 πόντος.
258 2638 306 2694 τόν
319 2635 348 2692 δέ
361 2635 394 2706 δὴ
407 2637 529 2710 ποταμόν
541 2635 638 2692 zoam
656 2637 703 2690 τόν
716 2629 818 2705 παραῤ·
