2020 3002
286 155 360 207 nn.
378 153 434 206 ιιι
464 153 550 205 eAP.
572 139 611 206 τι.
775 161 826 216 25⁵

77 278 170 355 ἤγοντο
178 279 206 336 δέ
214 279 430 347 ποινὴντίσοντες
436 277 628 345 Μιτυληναίων
634 278 705 334 τοίσι
715 279 742 333 ἐν
748 262 828 350 Μέμ·

75 388 106 438 ιρι
119 363 309 435 ἀπολομένοισι
323 362 372 418 αοδν
385 363 419 435 τῇ
429 359 481 430 νηί.
500 364 585 416 ταῦτα
597 363 650 466 μάρ
660 361 789 416 ἐδίκασαν
800 359 827 418 οἶ

53 449 57 455 ’
74 451 208 524 βασιληίοι
223 444 395 521 δικασταί’
384 446 449 520 νπὲρ
462 441 582 517 ἀνδρὸς*
572 449 685 501 εκιίστου
699 444 760 501 δέκα
772 445 827 502 Αί-

74 554 191 610 μνπτιων

75 619 258 694 παρεξιόντας,
286 636 331 670 και
322 613 449 688 μαθὼν
467 615 514 668 τόν
516 531 643 670 amxwa‘
627 614 770 688 ηγεόμτνον
783 609 827 672 ἐπί

74 704 208 769 θοίνατον,
221 703 272 756 τῶν
286 693 372 753 τίλλων
385 696 538 770 Αἰγυπτίων
551 701 603 754 τῶν
616 698 827 804 περικατημένων

78 781 161 837 αὐτόν
173 782 318 838 κλαιόντων
330 803 376 836 και
366 780 460 836 δεινοί
473 777 626 850 ποιεύντων,
641 778 725 839 τωύτό
737 785 827 883 ἐποίη-

79 884 107 920 στ
120 865 151 919 τό
164 865 210 920 καί
222 862 265 920 ἐπί
278 864 311 938 τῇ
323 866 450 938 θυγατρί.
463 867 653 939 παρελθόντων
667 865 694 920 δέ
708 864 752 921 καί
765 863 827 922 τού-

76 967 144 1016 των,
169 947 303 1017 συνήνεικε
317 943 375 1012 ὤςτε
389 949 439 1003 τῶν
452 951 605 1020 συμποτέων
618 946 645 1004 οἳ
657 943 743 1024 ἄνδρα
756 945 826 1018 σίπη-

68 1031 236 1108 ·λικέστιρὀν,
263 1033 447 1086 ἐκπεπτωκότα
455 1034 483 1086 ἐκ
496 1033 546 1086 τῶν
558 1033 666 1100 ἐόντων,
693 1031 787 1101 έχοντα
798 1053 827 1088 τι

78 1109 172 1181 οδόέν,
211 1111 233 1170 εί
244 1115 281 1188 μή
296 1109 347 1170 ὅσα
361 1115 474 1183 πτωχός,
513 1115 560 1171 καί
578 1118 764 1190 προςαιτέοντα
777 1115 826 1184 τήν

76 1199 218 1272 στρατιὴν,
243 1199 367 1273 παριέναι
392 1197 563 1270 Ψαμμήνιτόν
585 1219 611 1253 τε
630 1200 676 1254 τόν
695 1193 823 1270 Ἅμοίσιος,

76 1279 123 1338 καί
146 1283 211 1346 τοὺς
229 1283 257 1336 ἐν
274 1281 310 1354 τῷ
326 1282 474 1355 προαστείων
492 1284 653 1354 κατημένους
670 1283 721 1336 τῶν
743 1279 826 1356 Λίμν-

76 1364 169 1420 πτίων
195 1364 211 1421 δ
225 1363 253 1419 δὲ
270 1363 468 1438 Ψαμμήνιτος“
450 1386 484 1426 ως
496 1359 555 1431 εἶδε,
570 1360 779 1428 ἄνακλαύσας’
747 1385 824 1464 μεμα,

74 1468 124 1502 ιιαι
113 1447 245 1512 καλέσας
258 1443 387 1520 οὐνόματι
402 1449 446 1502 τόν
459 1451 572 1520 ἑταῖρον,
584 1448 710 1516 ἐπλήξατο
724 1449 772 1516 τήν
784 1468 827 1501 κε·

75 1519 215 1602 τμαλήν,ς
198 1551 268 1600 ηοαν
280 1525 338 1584 δ
318 1551 372 1606 αρα
386 1526 470 1585 αὐτου
485 1527 644 1601 φύλακοι,
622 1551 649 1586 οι
644 1527 692 1584 τό
704 1525 827 1600 ποιεύμε-

75 1633 127 1669 νον
146 1614 248 1680 πανέξ
265 1614 365 1669 ἐκείνου
386 1609 432 1670 ἐπ’
459 1615 596 1688 ἑκόστηέ
583 1613 661 1686 ἐξόδῳ
689 1610 825 1687 Καμβύσῃ

74 1697 226 1769 ἐσήμαινον.
236 1698 386 1771 θαυμάσας
398 1695 454 1752 δι”
437 1718 451 1752 ο
464 1694 613 1770 Καμβύσης
625 1717 659 1752 τα
652 1693 824 1770 ποιεύμενα,

64 1817 71 1821 -
74 1781 185 1854 πέμψας
198 1776 318 1855 ἄγγελον,
345 1777 439 1854 εἰρώτα
451 1775 540 1848 αδτόν,
565 1778 726 1880 λέμωντοίδε,
756 1787 826 1848 „As-

73 1865 195 1936 »απότης
207 1885 236 1920 σε
248 1862 404 1936 Καμβνσηί,
436 1865 596 1936 Ψαμμηνιτε,
622 1861 728 1938 τίρωτρι,
757 1863 826 1918 διότι

73 1946 171 2022 ’,δη
141 1966 189 2016 την
201 1947 250 2022 μέν
261 1946 430 2021 θυματέρα’
414 1949 495 2020 ορέων
507 1949 694 2020 κεκακωμένην,
720 1945 766 2002 και
778 1948 825 2002 τόν

71 2029 181 2100 ,,παίδα
192 2029 236 2089 ἐπί
248 2029 371 2091 θάνατον
383 2024 568 2132 στείχρντα,”
534 2049 594 2084 ουττ
607 2025 797 2102 οίνέβωσας,”
762 2049 826 2086 ουττ

72 2109 267 2182 ,,οίνέκίαυοας·
281 2115 327 2168 τόν
340 2111 368 2167 δέ
380 2113 491 2181 πτωχόν,
506 2109 583 2168 οὐδέν
596 2132 639 2167 σοι
652 2133 823 2187 προςηκοντα,

73 2217 130 2264 ,,ως
142 2191 226 2252 αλλων
237 2196 412 2260 πυνθάνεται,
426 2195 565 2268 ἐτίμησας,
559 2203 588 2234 ·“
598 2191 637 2250 Ο
647 2193 824 2269 μινδηταυτα

73 2278 212 2356 ἐπειρώτα·
237 2273 294 2335 ὅδ’
311 2277 437 2380 ρῖμιίβττο
455 2277 552 2343 τοῖςδε,
592 2262 640 2345 „sl
658 2298 708 2333 παι
719 2278 823 2354 Κνρου,
897 2333 899 2342 ,

72 2364 131 2432 ,ιτσί
141 2364 190 2433 μέν
203 2359 294 2431 οίκὴία
308 2381 340 2432 ην
351 2363 418 2434 μέζω
431 2362 499 2417 κακόι
513 2358 530 2430 ἢ
543 2355 602 2426 δι’ςτε
615 2358 775 2416 ἀνακλαίειν·
794 2363 825 2418 τδ

73 2445 125 2512 ,,δέ
137 2447 185 2501 του
203 2446 310 2519 ἑταίρου
328 2439 466 2509 πένθος”
447 2465 477 2508 α,
468 2447 521 2498 ιον
538 2432 570 2512 ην
584 2443 718 2517 δακρύων·
756 2439 785 2508 ὃς
797 2448 825 2499 ἐκ

75 2530 200 2597 ,,’πολλων
218 2549 246 2584 τε
263 2548 309 2583 και
300 2523 518 2600 τιίδαιμύνων’
505 2526 632 2594 ἐκπεσὼν,
651 2531 684 2626 »⁸³⁶
695 2525 825 2628 πτωχηίην

75 2608 210 2684 ,,απῖκται
227 2609 270 2668 ἐπί
286 2610 386 2688 γήραος
405 2605 483 2686 ούδιρ
485 2619 504 2646 “
539 2608 598 2672 Καί
615 2631 700 2666 ταυτα
718 2630 751 2674 ως
764 2607 824 2664 τίπτ-
