1944 2998
167 176 202 232 ῆι,
423 164 649 238 ατοοοοτι

167 294 195 348 δέ
209 312 223 347 ο
214 289 464 363 ’Λακεδαιμόνιος,
479 288 639 364 παρατυχὼν
651 309 696 345 και
686 289 917 390 θεησάμενος“
890 311 918 345 το

166 377 254 454 τέρας,
269 370 475 446 συνεβούλευεν”
472 375 646 450 Ιπποκράτεῖ,
660 375 754 477 πρῶτα
766 374 813 447 μὲν
825 378 917 480 γυναῆ

166 481 201 516 κα
213 460 368 514 τεκνοποιὸν
379 481 417 532 μη
409 453 549 561 ἄγεσθαι
561 461 587 522 ἐς
596 457 630 513 τά
643 453 730 513 οἰκία
744 459 766 512 εί
780 456 807 512 δέ
821 459 921 562 τυγχά·

165 566 204 602 νει
220 541 291 613 ἔχων,
296 542 415 616 δεάτερα
428 544 476 610 τῆν
487 545 604 617 γυναῖκα
615 543 765 615 ἐκπέμπειν·
785 539 833 596 καί
844 543 920 605 εἴτις

166 651 194 684 σε
183 627 328 700 τυγχάνει
345 625 394 682 ίών
410 628 487 692 παῖς,
514 645 611 682 τουτον
623 623 803 680 απειπασθαι.
831 619 920 680 οὔκων

164 713 250 768 ταῦτα
263 710 473 784 παραινέσαντος
481 711 603 772 ΙΧίλωνος
612 709 760 764 πείθεσθαι
766 711 857 764 θέλειν
871 711 919 764 τάν

162 792 352 871 Ἱπποκράτεα·
378 794 506 866 γενέσθαι
524 792 551 850 οἱ
569 794 636 865 μετά
653 794 738 848 ταῦτα
757 793 805 846 τὸν
822 795 919 848 Πεισί-

165 899 279 954 στρατον
292 878 396 943 τοῦτον,
408 872 445 944 ὃς,
460 879 655 943 στασιαζόντων
669 877 721 931 τῶν
733 877 858 952 παράλων
871 873 918 930 καί

164 965 216 1018 τῶν
228 966 257 1018 ἐκ
270 962 319 1016 τοῦ
332 960 429 1016 πεδίου
438 957 594 1031 Ἀθηναίων,
611 958 658 1015 καί
670 961 721 1015 τῶν
732 960 780 1031 μέν
793 979 918 1032 προεστε-

164 1048 230 1108 ῶτος
241 1045 397 1118 Μεγακλέος
409 1046 458 1098 τοῦ
467 1041 650 1116 Ἀλκμαίωνος,
665 1045 715 1099 τῶν
728 1041 757 1097 δέ
768 1046 796 1098 έκ
808 1045 857 1098 τοῦ
871 1064 919 1099 πε-

164 1122 618 1201 δίου-ΛυκοάργουἈριστολαΐδεω,
647 1128 852 1202 καταφρονήσας
868 1128 918 1196 τῆν

164 1209 321 1286 τυραννίδα,
340 1206 427 1284 ῆγειρε
439 1211 530 1284 τρίτην
548 1213 649 1267 στάσιν.
676 1213 797 1276 συλλέξας
811 1210 839 1265 δέ
852 1231 916 1266 στα-

164 1294 262 1358 σιώτας
274 1290 366 1366 καὶτῷ
378 1293 448 1368 λάγρι
464 1294 516 1348 τῶν
529 1291 695 1369 ὕπερακρίων
710 1295 835 1367 προστάς,
862 1315 914 1364 μη-

161 1378 277 1448 χανᾶται
301 1375 401 1434 τοιάδε.
428 1377 594 1452 τρωματίσας
616 1379 713 1434 ἑωυτόν
729 1398 756 1433 τε
774 1375 819 1432 καί
837 1373 915 1449 ῆμιά-

162 1481 238 1530 νους,
258 1456 355 1532 ῆλασεν
368 1464 393 1525 ἐς
403 1461 451 1530 τῆν
462 1459 562 1537 άγορῆν
575 1463 605 1517 τά
619 1463 719 1536 ζεῦγος,
739 1459 773 1525 ὥς
787 1465 913 1531 έκπεφευ·

162 1543 214 1618 γὼς
225 1546 287 1608 τούς
298 1546 420 1621 ἐχθροὺς,
434 1543 464 1600 οἳ
472 1565 519 1621 μιν
531 1545 674 1600 ἐλαύνοντα
685 1549 710 1610 ές
721 1542 803 1619 άγρδν
814 1542 915 1615 ἠθέλη-

163 1647 214 1684 σαν
228 1625 357 1684 άπολέσαι
370 1627 468 1698 δῆθεν·
493 1628 578 1685 ἐδέετό
594 1630 682 1684 τετοῦ
696 1627 783 1698 δῆμου
794 1632 914 1700 φυλακῆς

162 1731 233 1774 τινος
244 1713 310 1786 πρὸς
323 1705 408 1765 αὔτσδ
421 1713 541 1786 κυρῆσαι,
557 1715 685 1786 πρότερον
698 1709 875 1782 εὐδοκιμήσας
886 1717 913 1767 ἐν

162 1794 195 1870 τῆ
207 1795 273 1868 πρὸς
283 1795 427 1868 Μεγαρέας
436 1797 563 1870 γενομένῃ
577 1796 736 1871 στρατηγίῃ,
754 1797 874 1851 Νίσαιάν
886 1815 914 1851 τε

162 1879 227 1934 ἐλὼν
239 1878 285 1934 καί
297 1872 364 1932 ἄλλα
377 1875 569 1950 ἀποδεξάμενος
580 1880 682 1952 μεγάλα
697 1878 770 1954 ἔργα.
796 1878 812 1934 δ
825 1877 854 1934 δέ
868 1879 915 1950 δῆ·

161 1981 210 2034 μσς
223 1961 239 2016 ά
250 1963 302 2020 τῶν
316 1956 463 2034 Ἀθηναίων
480 1961 656 2032 ἐξαπατηθείς
672 1961 750 2020 έδωκέ
767 1959 795 2017 οἶ
811 1965 863 2020 τῶν
882 1960 916 2018 οἷ·

162 2047 230 2100 στῶν
244 2047 382 2110 καταλέξας
394 2039 495 2120 ἄνδρας
533 2043 653 2118 τοάτους,
664 2043 692 2102 οἳ
703 2046 852 2120 δορυφόροι
863 2049 916 2118 μέν

162 2124 211 2183 σάν
224 2129 344 2230 έγένφντο
358 2129 565 2204 Πεισιστράτου,
580 2131 761 2204 κορυνηφόροι
774 2130 816 2185 δέ·
829 2129 916 2195 ξύλων

92 2266 97 2274 ,
160 2213 213 2317 γάρ
226 2210 354 2310 κοράνας
351 2211 451 2281 ἔχοντες
463 2211 610 2268 ειποντά
583 2233 610 2267 οε
623 2212 747 2269 ὄπισθεν.
762 2233 917 2270 συνεπανα-

161 2296 267 2358 στάντες
280 2281 354 2348 δέ
322 2314 398 2350 ουτοι
409 2290 466 2398 ἅμα
477 2295 698 2396 Πεισιστράτῳ,
683 2316 759 2366 εσγον
771 2297 818 2365 τῆν
831 2294 916 2371 άκρά-

160 2381 246 2434 πολιν.
270 2376 341 2434 ενθα
366 2378 435 2447 δὴ*
418 2399 434 2433 ο
452 2367 678 2453 Πεισίστρατος
662 2400 739 2455 ηρχεν
754 2374 915 2450 Ἀθηναίων,

160 2455 222 2516 οὔτε
234 2462 311 2534 τιμάς
323 2461 371 2527 τάς
382 2459 477 2524 έοδυας
489 2464 665 2537 συνταράξας,
680 2484 741 2519 ουτε
752 2465 856 2567 θέρμια
867 2484 918 2534 με-

160 2545 302 2609 ταλλάξας·
326 2542 371 2600 έπί
387 2565 417 2600 τε
433 2547 505 2600 τσῖσι
516 2549 671 2604 κατεστεῶσι
683 2567 756 2622 ενεμε
768 2549 818 2618 τῆν
833 2550 911 2605 πάλιν

161 2629 278 2702 κοσμέων
290 2631 373 2694 καλῶς
385 2627 472 2686 τεκαὶ
485 2620 525 2689 ευ
