2038 2994
261 143 336 194 LlB.
348 143 383 194 11.
405 143 492 199 CAP.
514 149 665 215 172··-175·
783 127 837 212 251

83 269 219 326 ἑκάστοισι
238 267 287 336 εἴη.
314 269 399 324 πολλά
417 267 467 344 μέν
481 267 514 338 όη
528 267 574 325 καί
585 264 706 338 ἡλίσκετο
721 265 772 326 ὗπό
787 274 837 326 τῶν

82 350 226 422 ααντῆίων,
252 352 318 406 πολλ
305 353 339 407 λά
358 352 388 406 όέ
406 352 452 408 καί
476 349 667 454 άποφεόγεσκε.
689 356 747 408 έπεί
763 373 790 408 τε
809 353 837 413 όέ

82 457 129 493 και
119 435 220 508 έβασέ
219 438 302 500 λευσε,
327 436 434 506 ἐποίησε
446 431 576 492 τοιάόε·”
560 455 620 493 οσοι
629 437 679 540 μέν
692 432 820 492 αὐτόν·
786 457 837 493 των

81 521 156 576 θεῶν
175 515 311 574 ἀπέλυσαν
327 520 364 592 μή
388 521 466 618 φῶρα
483 515 607 586 είιαι,τ
591 519 691 575 τοότων
715 521 763 592 μέν
784 522 837 576 τῶν

82 601 148 675 ἱρῶν
160 598 221 657 οότε
231 603 381 675 ἐπεμέλετο,
409 597 471 658 οότι
488 606 513 668 ίς
530 604 671 672 ἐπισκευὴν
686 599 824 659 ίόίόσυ’
791 623 837 659 ου-

83 686 136 744 όέν·
154 681 216 742 οάόέ
234 687 348 788 φοιτέων
364 685 437 753 ἔθυε,
461 683 495 751 ὣς
514 683 620 752 οὐδενός
636 687 719 742 έοῠσι
730 683 836 753 άξίοιοι,

81 761 185 843 ιγευόέα
197 789 225 824 τε
236 769 354 840 μαντίςῒα
366 771 555 843 νεκτημένοισι·
577 767 638 826 ὅσοι
658 770 687 826 όέ
703 791 750 845 μιν
762 772 837 827 κατέ·

67 883 69 887 ·
82 853 168 925 όησαν
180 855 257 928 φῶρα
270 846 347 920 εἶναι,
361 853 463 909 τούτων
475 852 503 908 όέ
515 852 549 918 άις
562 851 683 923 άληθέως
694 855 767 926 θεῶν
778 857 837 910 edr-

80 957 135 992 των
154 928 208 992 καί
219 934 337 1010 ἀψευδέα
352 937 470 1011 μακιήἳα
486 938 670 1013 παρεχομένων
687 937 839 1012 ταμάίιστα

80 1021 228 1093 ἐπεμέλετο.

141 1099 208 1178 175.
230 1101 289 1160 Καί
301 1104 381 1160 τοῦτο
398 1102 454 1176 μέν,
480 1107 509 1160 ἐν
521 1105 576 1160 taz·
588 1104 621 1178 τῇ
630 1099 757 1178 Ἀθηναίη
770 1123 834 1179 προ-

80 1186 183 1244 πάλαια
196 1188 340 1259 θαυμάσιά
354 1185 381 1242 σί
394 1190 534 1262 ἐξεποίησε,
542 1190 640 1244 πολλόν
650 1191 751 1254 πάντας
759 1186 836 1263 ὑπερ-

79 1271 244 1345 βαλλόμενος
256 1269 292 1344 τῷ
303 1291 331 1325 τε
342 1265 408 1344 όφεῖ
420 1269 466 1327 καί
483 1269 519 1344 τῷ
530 1269 654 1346 μεγάθεΐ,
678 1267 748 1328 ὅσων
764 1291 791 1326 τε
803 1273 842 1328 τό

80 1355 205 1426 μέγαθος
216 1353 302 1410 λίθων
315 1352 379 1421 ἐστί,
393 1354 438 1410 καί
451 1353 548 1410 όκοίων
561 1358 632 1411 τέων·
647 1356 726 1410 τοῦτο
740 1354 775 1420 όέ,
790 1375 835 1410 κο-

81 1437 196 1502 λοσσοός
206 1438 338 1512 μεγάλους
350 1435 396 1492 καί
406 1434 604 1513 ἀνδρόσφιγγας
615 1439 771 1512 περιμήκεας
777 1435 834 1493 άνέ-

81 1525 167 1591 θηκι·
192 1522 289 1584 λίθους
307 1541 334 1576 τε
347 1517 444 1584 ἄλλους
455 1525 481 1587 ές
491 1522 632 1589 ἐπισκευὴν
644 1521 793 1595 ὑπερφυέας
804 1521 835 1575 τό

82 1606 207 1677 μέγαθος
223 1606 335 1677 ἐκόμισε.
357 1600 470 1679 ἠγάγετο
490 1605 518 1660 όέ
535 1608 646 1661 τουτέων
664 1605 726 1670 νοός
737 1605 794 1676 μέν,
805 1609 836 1661 έκ

81 1689 135 1742 τῶν
153 1689 222 1744 κατά
240 1689 354 1761 Μέμφιν
372 1689 485 1744 ἐουσέων
509 1690 699 1762 λιθοτομιέων·
728 1688 790 1752 τοὺς
807 1687 836 1742 όέ

82 1769 298 1847 ὑπερμεγάθεας,
326 1774 352 1834 ἐξ
362 1766 546 1845 Ἐλεφαντίνης
563 1775 668 1839 πόλιος,
694 1773 777 1828 πλόον
791 1771 836 1826 καί

83 1857 167 1910 εἴκοσι
185 1851 301 1930 ἡμερέων
324 1853 471 1927 άπεχοόσης
490 1853 545 1912 άπό
565 1857 655 1921 Σάλας.
690 1857 720 1910 τό
741 1854 768 1910 όέ
786 1850 836 1910 οὖν

83 1935 179 2007 ἥκιστα
194 1933 301 2006 αὐτέων,
321 1936 389 1995 άλλά
400 1941 515 2012 μάλιστα
528 1941 675 2013 θαυμάζω,
696 1935 835 1994 έστιτόόι·

83 2024 185 2095 οἴκημα
196 2025 364 2094 μουνόλιθον
375 2024 480 2098 ἐκόμισε
491 2026 518 2084 έξ
531 2016 715 2124 Ἐλεφαντίνης
734 2023 836 2122 πόλιος·ε

83 2102 132 2161 καί
144 2107 224 2161 τοῦτο
236 2109 357 2177 ἐκόμιζον
368 2107 416 2178 μέν
429 2101 498 2160 έπ’”
483 2124 543 2160 ετεα
555 2105 623 2176 τρία,
637 2103 716 2173 όιςχίλ
718 2125 753 2159 ιοι
704 2101 836 2160 λόέε
808 2125 836 2168 οι

83 2190 291 2292 προςετετάγατο
309 2185 438 2264 άνόρες’
420 2189 543 2262 αγυγέες,
569 2185 614 2242 καί
632 2207 705 2242 ουτοι
724 2183 837 2257 ἅπαντες

83 2260 154 2342 ησαν
168 2273 335 2346 κυβερνηται.
357 2275 403 2341 τῆς
421 2271 449 2327 όὲ
460 2291 558 2376 στεγης
570 2271 667 2341 ταότης
683 2274 714 2328 τό
722 2271 774 2408 μέν
786 2274 837 2343 μῆ·

83 2375 131 2420 κος
143 2353 277 2423 &werf
268 2375 323 2411 εστι
335 2349 391 2420 τίς
383 2375 409 2410 τε
425 2354 470 2412 καὶ
484 2356 568 2422 εἴκοσι
577 2355 684 2424 πήχεες·
708 2375 720 2410 ε
739 2375 786 2429 ρος
799 2345 836 2420 od,

84 2437 320 2512 τεσσερεςκαίόεκα·
346 2433 507 2514 ὕφοςόέ,
491 2438 567 2494 σκιά.
590 2439 674 2494 ταῦτα
686 2437 780 2511 μέντιι
773 2437 837 2506 μέ·

84 2541 136 2596 τρα
149 2521 292 2588 έξωθεν”
260 2542 306 2590 της
324 2524 415 2598 στέγης
431 2525 477 2592 τῆς
493 2522 663 2594 μουνολίθου
679 2517 786 2576 ἐστί’
768 2519 837 2592 αιιίρ

86 2603 190 2662 ἔσωθεν
204 2607 237 2662 τό
253 2609 350 2680 μῆκος,
377 2602 554 2662 όττωιιαίόειια
572 2605 676 2674 πήχεων
695 2602 740 2658 καὶ
754 2601 836 2671 πυγό·
