2038 2994
7 194 13 260 Γ
290 167 362 220 τεο.
374 168 410 220 11.
434 169 520 222 CAP.
533 171 655 228 σε-ω.
789 184 848 252 „181

7 261 9 292 '
95 291 324 371 ὑπερθρώσκοντες
336 294 399 360 τοδς
412 290 583 370 άνθρώπους,
609 298 761 361 έςάλλονται
774 302 798 362 ές
812 301 844 354 τό

92 381 152 456 πῦρ.
178 379 265 434 ταῦτα
279 376 307 432 δέ
318 379 459 452 χινόμενα,
486 382 590 436 πένθεα
601 384 706 455 μεγάλα
723 379 846 446 τούςΛί-

92 463 218 538 μοπτίσυς
236 463 444 536 καταλαμβάνει.
471 467 500 518 έν
520 464 618 520 ὁτέοισι
637 461 665 520 δ’
685 462 718 520 άν
739 463 847 522 οἰκίοισι

93 545 226 622 αἰέλουρος
240 543 373 621 όποθάνῃ
387 544 442 604 άπό
455 549 504 605 τοίι
518 543 680 621 αἰτομάτου,
708 551 734 604 σί
752 551 848 606 ἐνσικέ·

94 633 277 696 οντεςπάντες
295 633 431 704 ξυρέονται
452 633 498 697 τάς
516 628 619 706 όφρόας
641 629 757 707 μούνας·
783 628 847 708 παρ’

92 715 190 772 ότέοισι
204 709 232 771 δ’
243 711 278 771 άν
291 710 369 782 κάων,
397 717 452 772 πάν
467 717 498 772 τό
511 719 588 790 σῶμα
601 718 646 774 καί
660 720 707 788 τὴν
720 719 846 789 κεφαλήν.

84 849 90 856 .
144 797 194 880 67.
216 795 376 874 Ἇπάχονται
388 798 417 855 δέ
430 799 457 855 οἰ
474 797 608 878 αἰέλουροι
627 799 865 876 άποθανόντεςέςν

92 883 149 958 ἱράς
161 885 263 959 στίχας,
277 883 347 940 ἔνθα
360 885 515 941 θάπτονται
528 887 728 960 ταριχευθέντες
740 891 848 942 ἐνΒου-

84 969 170 1043 ’βάστι
183 970 255 1024 πάλι·
278 968 326 1032 τάς
345 966 374 1032 δέ
386 965 468 1034 κείνας
479 972 507 1046 έν
516 969 550 1044 τῇ
563 973 665 1044 ἑωυτῶν
678 969 785 1028 ἕκαστοι
797 973 848 1026 πό-

91 1057 116 1108 λι
125 1054 266 1108 θάπτουσι
277 1055 305 1118 ἐν
318 1053 392 1127 ἱρῇσι
403 1053 515 1128 θήκῃσι,
540 1050 574 1117 ὥς
588 1049 615 1109 δ’
630 1051 716 1120 αἰίτως
727 1055 788 1129 τῇσι
801 1075 848 1111 κυ-

91 1135 119 1192 σί
132 1135 158 1193 οἰ
170 1129 290 1208 ἰχνευταὶ
303 1127 466 1214 θάπτονται.
493 1138 539 1202 τάς
553 1135 581 1192 δέ
593 1141 714 1214 μυμαλάς
726 1139 773 1194 καί
785 1140 848 1205 τοδς

90 1223 183 1297 ἴρηκας
202 1219 339 1296 ἀπάγουσι
358 1225 384 1286 ές
400 1222 526 1278 Βουτοῦν
539 1225 632 1278 πόλιν·
656 1226 704 1289 τάς
715 1223 743 1279 δέ
755 1223 809 1296 ἴβις
822 1227 848 1286 ές

87 1301 188 1380 Ἐρμέω
201 1306 288 1361 πόλιν.
312 1305 360 1370 τάς·
374 1305 401 1359 δέ
413 1301 527 1380 άρκτους
539 1303 636 1372 ἐούσας
655 1308 781 1374 σπανίας,Ι
801 1305 848 1373 καί

90 1391 153 1454 τοὺς
165 1384 274 1455 λύκους,
303 1385 336 1444 οὗ
349 1389 438 1462 πολλῷ
453 1393 605 1464 τέῳλέόντας
618 1388 759 1448 άλωπέκων
772 1393 820 1462 μέζ
834 1420 848 1434 ·

89 1493 145 1540 νας,
161 1468 247 1530 αὐτοῦ
258 1473 407 1541 θάπτουσι,
421 1473 455 1548 τῇ
467 1471 501 1528 όν
513 1473 656 1548 εὑρεθέωσι
665 1475 790 1543 κείμενοι.

145 1551 196 1617 68.
228 1557 286 1612 Τῶν
298 1610 300 1616 ,
310 1557 339 1612 δὲ
357 1557 531 1634 κροκοδείλων
548 1554 565 1628 ἡ
584 1554 666 1630 φάσις
679 1556 735 1614 ἐστί
749 1552 847 1627 τοιήδεέ

85 1642 387 1718 ,τούςχειμεριωτάτους
406 1645 490 1716 μῆνας
508 1642 631 1718 τέσσερας
654 1642 743 1698 ἐσθίει
760 1637 846 1698 οὐδέν·

86 1728 135 1784 έόν
148 1725 176 1782 δέ
188 1727 337 1801 τετράπουν
346 1729 474 1802 χερσαῖον
487 1724 534 1782 καί
545 1728 746 1799 λιμναῖόνέστι·
764 1728 848 1782 τίκτει

87 1810 138 1884 μέν
150 1811 205 1885 μάρ
217 1806 256 1866 ὦά
269 1815 297 1866 έν
309 1811 345 1885 μῇ
361 1810 407 1868 καὶ
425 1812 539 1878 ἐκλέπει,
566 1809 613 1866 καί
630 1813 661 1866 τό
680 1810 778 1867 πολλόν
800 1813 847 1878 τῆς

87 1890 186 1970 ἡμέρης
200 1893 332 1972 διατρίβει
350 1898 377 1951 λν
395 1897 431 1968 τῷ
445 1893 511 1970 ξηρῷ
517 1939 527 1965 ,
552 1896 602 1964 την
616 1894 645 1951 δέ
658 1890 742 1950 νύκτα
755 1895 846 1950 πᾶσαν

86 1979 117 2036 ἰν
128 1979 164 2052 τῷ
178 1978 290 2052 ποταμῷ
297 1998 303 2012 ·
316 1981 481 2054 θερμότερον
494 1981 546 2052 γάρ
561 1977 593 2047 δή
605 1982 660 2034 ἐστι
672 1978 703 2032 τό
715 1973 786 2054 ὕδωρ
799 1981 847 2046 τῆς

88 2083 118 2119 τε
141 2059 252 2137 αἰθρίης
270 2060 316 2118 καί
334 2067 379 2134 τῆς
397 2061 506 2138 δρόσου.
532 2064 639 2118 πάντων
658 2060 687 2117 δέ
705 2064 757 2117 τῶν
773 2057 848 2135 ἡμεῖς

88 2147 167 2220 λδμεν
180 2149 288 2218 θνητῶν
300 2149 382 2204 τοῦτο
395 2151 422 2212 ἐξ
438 2146 578 2218 ἐλαχίστου
597 2146 723 2219 μέγιστον
735 2145 846 2219 γίνεται.

87 2233 124 2288 τά
136 2231 187 2306 μὲν
198 2235 250 2308 μάρ
263 2227 303 2288 ὢά
312 2232 412 2308 χηνέων
425 2225 458 2286 οὗ
474 2228 561 2304 πολλῷ
573 2232 668 2302 μέζονα
681 2230 774 2294 τίκτει,
801 2228 848 2284 καί

88 2316 105 2374 ό
119 2317 230 2381 νεοσσός
242 2317 311 2373 κατά
327 2317 409 2392 λόχον
421 2315 470 2370 τοῦ
480 2309 534 2371 ὧοδ
544 2316 654 2389 χίυεται·
669 2307 848 2384 αὐξανόμενος

88 2400 117 2456 δέ
131 2401 235 2474 γίνεται
247 2399 293 2456 καί
302 2405 328 2465 ές
340 2399 518 2456 ἑπτακαίδεκα
528 2399 634 2468 πήχεας,
648 2396 694 2467 καί
705 2399 786 2470 μέζων
797 2393 844 2451 ἴτε.

86 2483 142 2555 έχει
156 2484 184 2541 δέ
205 2482 366 2558 όφθαλμούς
383 2485 432 2560 μέν
457 2482 516 2552 δός,
544 2479 656 2547 ὀδόντας
671 2480 699 2537 δέ
714 2480 846 2557 μεχάλους

87 2568 136 2625 καί
145 2569 344 2638 χαυλιόδοντας
356 2565 425 2632 κατά
444 2569 525 2642 λόχον
542 2568 591 2622 τοῦ
611 2567 740 2638 σώματος.
762 2563 846 2636 7250-

86 2673 141 2709 σαν
162 2653 191 2709 δέ
207 2654 312 2724 μοῦνον
327 2655 433 2730 θηρίων
453 2649 502 2708 οἰκ
523 2650 613 2726 έφυσι.
639 2643 702 2738 οὐδέ
715 2648 763 2717 τὴν
775 2646 846 2700 κάτα
