2038 2994
203 137 257 198 ρης
447 167 449 170 -
479 129 707 190 στκοοοττ

201 255 301 332 Ἐφέσῳ
314 254 369 316 ἐστὶ
380 256 451 329 νηός,
466 255 511 314 καί
523 256 539 314 ό
551 259 579 314 έν
592 259 683 332 Σάμῳ.
706 243 775 326 έησειν
786 254 834 327 μέν
848 273 898 310 νυν
909 251 957 310 καλ

204 341 579 417 αἰπυραμίδεςλόγουμέζονες
585 341 630 398 καί
643 335 957 407 πολλῶνέκάστηαδτέων

201 422 357 496 Ἑλληνικῶν
370 424 451 501 ἔργων
464 426 509 482 καί
515 426 646 500 μεγίστων
654 421 773 493 άνταξάη·
797 422 813 478 ό
826 421 855 477 δέ
868 421 957 492 δηλα-

203 509 336 584 ηλίρινθσς
354 507 398 564 καὶ
410 509 457 573 τάς
475 508 629 582 πυραμίδας
642 505 805 582 ὑπερβάλλει.
839 509 891 562 τοῦ
903 509 956 581 γάρ

205 591 324 650 δυώδεκα
340 592 395 664 μέν
406 589 457 652 εἰσι
474 588 556 648 αδλαί
572 592 733 666 κατάςτεγοι,
754 588 897 646 άντίπυλοι
910 587 956 646 άλ-

204 673 346 750 λη’λησιΛ
332 697 344 732 ε
345 675 496 751 ξμένπρδς
508 677 602 780 βορέω,
615 673 956 750 έξδέπρόςνότοιτετραμ·

203 762 281 832 μένοι
299 760 427 829 συνεχέες·
453 762 541 832 τοίγος
557 781 603 817 και
593 757 718 822 ἴξωθτν
736 757 753 814 ό
771 753 852 822 αδτός
870 777 956 828 σφεας

204 845 343 920 περιέργει.
382 841 513 917 οἰκήματα
527 838 579 898 δ”
564 863 646 899 ενεστι
659 841 748 908 διπλᾶ,
768 841 802 896 τά
813 841 870 914 μὲν,
888 839 957 896 ὖπό-

204 947 278 1000 γαια,
306 947 340 982 τα
333 925 388 992 δε,
412 931 527 1002 μετεωρο
539 923 579 984 έπ
592 926 724 991 ἐκείνοισι,
748 920 917 1001 τριςχίλια,
897 945 957 998 αρι-
995 931 999 945 “

198 1012 280 1082 Δθμόν
292 1012 472 1068 πεντακοσίων
485 1009 531 1066 καλ
537 1011 629 1081 χιλίων
641 1011 759 1084 ἑκάτερα.
798 1010 832 1066 τά
844 1010 894 1080 μέν
907 1027 957 1064 νυν

204 1095 318 1168 μετέωρα
336 1095 387 1150 τῶν
405 1091 555 1166 οἰκημάτων
574 1089 653 1150 αδτοί
671 1113 699 1148 τε
717 1093 825 1168 ὁρέομεν
848 1092 956 1155 διεξιόν·

204 1197 257 1241 τες,
285 1174 330 1231 καί
347 1171 426 1234 αὐτοὶ
442 1178 606 1252 θεησάμενοι
621 1179 742 1253 λέγομεν*
767 1177 802 1230 τά
815 1175 843 1230 δέ
855 1170 956 1230 αἰτέων

205 1257 325 1334 δπόγαια
336 1260 441 1334 λόγοισι
457 1263 679 1335 ἐπυνθανόμεθα.
717 1257 745 1316 οἰ
761 1259 813 1334 γάρ
830 1260 957 1314 ἐπεστεῶτ-

203 1363 244 1410 τες
256 1343 306 1399 τῶν
319 1341 471 1418 Αἰγυπτίων
483 1343 616 1400 δεικνύναι
629 1340 700 1400 αδτά
710 1339 832 1417 οδδαμῶς
843 1337 955 1412 ἤθελον,

203 1428 321 1502 φάμενοι
339 1427 427 1496 θήκας
439 1422 546 1486 αὐτόθι
563 1421 632 1484 εἰναι
650 1429 701 1484 τῶν
713 1447 741 1482 τε
754 1423 835 1502 οἰργήν
848 1427 897 1481 τόν
911 1429 959 1482 λα·

204 1510 340 1586 βάρινθον
353 1517 445 1570 τοῦτον
465 1508 714 1586 οἰκοδομησαμένων
732 1509 880 1584 βασιλήων,
909 1509 958 1565 καί

204 1595 256 1648 τῶν
279 1593 342 1668 ἱρῶν
363 1593 544 1668 κροκοδείλων.
570 1593 640 1650 οὕτω
662 1596 714 1649 τῶν
735 1593 783 1666 μέν
805 1593 876 1647 κάτω
895 1594 957 1667 πέρι

205 1673 354 1790 οἰκημάτων
366 1673 435 1751 οἰκοῇ
448 1680 647 1753 παραλαβόντες
658 1680 774 1784 λέγομεν·
800 1677 833 1732 τά
848 1674 877 1731 δέ
890 1671 955 1744 άνω,

203 1759 299 1829 μέζονα
318 1756 531 1833 άηθρωπηίων”
515 1782 598 1836 εργων
615 1756 693 1818 αὐτοι
683 1761 827 1836 δρέομεν.
877 1759 911 1814 αἰ
929 1781 958 1814 τε

203 1851 257 1915 γαρ
271 1840 356 1906 ἔξοδοι
369 1839 460 1899 διά”
425 1864 477 1899 των
489 1847 606 1920 στεγέων,
632 1843 678 1900 καλ
690 1865 717 1900 οι
707 1841 831 1919 (ἰλιγμοέ
844 1841 939 1899 aad*
903 1863 957 1898 των

205 1919 591 1995 αὖλάωνέόκτεςποικιλάτατοι,
604 1929 705 2002 θωῦμα
718 1928 815 2005 μυρέον
825 1927 958 2000 παρέχον-

205 2028 245 2073 το,
259 2011 286 2074 ἐξ
297 2003 379 2079 αδληε
390 2030 418 2067 τε
430 2011 500 2074 λς
468 2032 502 2067 τα
515 2008 647 2086 οἰκήματα
660 2013 792 2077 διεξιοῦσα
807 2033 852 2066 και
842 2008 939 2064 ἐκ
903 2030 955 2064 των

205 2088 354 2165 οἰκημάτων
366 2097 390 2160 ές
403 2093 552 2162 παστάδας,
579 2098 605 2160 ἐς
616 2097 709 2170 στέγας
726 2115 753 2150 τε
770 2090 849 2158 άλλως
860 2095 938 2150 έκ”
903 2113 958 2148 των

204 2175 360 2244 παστάδων,
399 2196 447 2233 και
436 2176 484 2242 ές
496 2174 578 2244 αδλάς
589 2173 670 2242 ἄλλας
688 2183 717 2236 έκ
729 2179 780 2233 τῶν
792 2174 956 2248 οἰκημάτων.

205 2254 292 2332 ὀροφὴ
307 2257 335 2315 δέ
352 2259 458 2317 πάντων
475 2261 576 2330 τοότων
593 2264 701 2333 λιθίνη,
728 2262 847 2335 κατάπερ
859 2258 887 2315 οἰ
899 2264 959 2316 τοῖ-

196 2361 261 2422 Ιγοι·
287 2340 315 2398 οἰ
328 2341 355 2396 δέ
368 2347 452 2411 τοῖχοι
464 2343 553 2402 τόπων
565 2347 776 2421 έγγεγλυμμένων
789 2347 878 2401 πλέοι·
906 2340 959 2399 αὖ4

89 2467 92 2476 ,
204 2427 235 2494 λη
250 2424 277 2482 δέ
290 2427 386 2493 ἑκάστη
399 2427 566 2502 περίστυλος,
603 2430 687 2486 λίθου
704 2429 799 2484 λευκοῢ
819 2426 961 2502 ἆρμοσμέ·

204 2527 253 2564 νου
266 2509 424 2590 ταμάλιστα.
456 2514 501 2580 τῆς
515 2510 543 2566 δὲ
553 2512 650 2588 γωνίης
663 2513 832 2574 τελευτῶντος
845 2512 896 2565 τοῦ
909 2515 963 2566 λα.

227 2593 338 2668 ορίνθου
356 2590 441 2668 έγεται
459 2593 575 2670 πυραμὶς
591 2594 871 2672 τεσσερακοντόργυιος
876 2633 885 2661 ,
927 2601 963 2652 ἐν
