2022 3006
181 119 237 176 122
451 106 671 160 ειτιεοτιοττ
739 147 742 154 λ

181 237 268 291 πόλιν.
294 227 365 290 οὕτω
377 253 406 288 τε
419 231 451 302 δή
465 235 557 298 τάξας,
574 230 621 288 καί
633 232 701 288 κατά
715 231 801 288 ταῦτα
813 233 941 309 παραινέ·

180 339 243 385 σας,
270 314 407 387 ἀπήλαυνε
426 313 507 384 αάτός
519 318 570 373 σὺν
586 316 622 392 τιή
632 315 735 392 άχρηληι
748 318 797 374 τσῖι
811 321 940 392 στρατοῦ.

180 400 342 476 άπικόμενσς
356 401 384 458 δέ
398 402 444 459 ἐπὶ
456 403 504 473 τήν
515 402 624 474 λίμνην,
652 397 767 476 τάπεριή
782 403 833 460 τῶν
846 404 942 476 Βαβυ-

180 489 278 543 λωνίων
295 487 420 558 βασίλεια
438 488 547 557 ίποίηστ
565 487 634 542 κατά
649 506 677 540 τε
692 487 740 541 τόν
758 488 882 560 ποταμόν
894 485 941 543 καὶ

179 573 250 628 κατά
262 571 312 640 τήν
325 571 428 644 λίμνην,
442 573 529 627 ἐποίεε
542 570 587 626 καὶ
599 571 616 626 ό
626 572 720 646 Κῦρος
730 569 804 646 ἕτερα
816 572 940 628 τοιαῦτα.

179 658 227 712 τόν
239 657 293 731 μάρ
306 658 430 729 ποταμόν
449 655 558 731 διώρυχι
576 652 722 728 εἶςαχαχών
740 658 766 722 ές
783 656 831 724 τήν
843 656 942 730 λίμνην

179 741 279 796 έοῦσαν
305 737 373 809 ἕλος,
400 742 432 796 τό
452 736 565 816 άρχοιῖσν
584 741 699 815 ῥέεθρον
720 739 853 812 διαβατὸν
872 733 943 802 εἶναι

179 826 301 894 ίποίησε,
323 822 556 894 ὑπονοστήσαντος
573 825 622 880 τοῖν
636 824 770 895 ποταμοῖν.
796 825 942 898 χενσμένου

179 907 209 968 δέ
221 907 321 964 τσίιτσυ
334 908 468 975 τοιούτου,
486 909 513 964 οἱ
526 911 640 982 Πέρσαι,
654 907 730 982 οἵπερ
744 910 887 978 ἐτετάχατο
899 902 941 964 ἐπ’

180 987 252 1066 αὖτηί
264 991 349 1065 τσίτῳ
366 993 435 1049 κατά
453 995 484 1048 τό
505 996 619 1068 ῥέεθρον
632 994 682 1048 τοῖν
695 988 843 1068 Εὐφρήτεω
856 1013 942 1048 ποτα-

179 1079 241 1143 μοῖν,
258 1075 502 1148 ὑπονενοστηκότος
516 1075 595 1152 άνδρλ
608 1069 641 1142 όις
654 1080 680 1141 ἐς
693 1078 777 1150 μέσον
789 1077 877 1150 μηρόν
888 1078 942 1151 μά-

179 1161 258 1216 λιστά
271 1165 312 1230 τίη,
333 1161 402 1218 κατά
418 1163 498 1218 τοῦτο
511 1159 619 1235 έςήεσαν
631 1164 657 1226 ές
669 1161 719 1230 τήν
730 1162 893 1233 Βαβυλῶνα.
918 1157 941 1218 τί

180 1245 228 1319 μέν
240 1263 290 1301 νυν
301 1244 493 1321 προεπύθοντο
512 1242 532 1312 ή
550 1245 657 1319 ἔμαθον
676 1243 703 1301 οἱ
723 1245 898 1317 Βαβυλώνιοι
909 1247 941 1302 τό

180 1331 209 1390 ἐκ
221 1331 271 1393 ,τοῖν
280 1329 378 1404 Κόρου
391 1328 563 1406 ποιεύμενον,
591 1325 640 1386 οὐκ
652 1325 687 1386 άν
704 1329 867 1406 περιϊδόντος
879 1331 942 1396 τούς

181 1416 290 1489 Πέρσας
302 1417 417 1480 ε’ςελθεῖν
435 1419 461 1481 ἐς
480 1415 528 1486 τήν
543 1415 623 1470 πόλιν
643 1414 802 1488 διέφθειραν
818 1415 941 1472 κάκιστα.

180 1498 404 1568 κατακληίσαντες
426 1502 480 1575 γάρ
500 1497 534 1556 άν
552 1500 642 1562 πάσας
653 1501 701 1562 τάς
718 1502 745 1564 ἐς
756 1498 804 1553 τόν
816 1501 941 1573 ποταμόν

182 1583 296 1648 πυλίδας
307 1583 435 1653 ἐχούσας,
460 1583 508 1639 καὶ
521 1577 601 1638 αὐτοὶ
618 1582 664 1638 ἐπὶ
674 1584 721 1648 τάς
734 1580 862 1654 αἱμασιάς
876 1581 944 1638 άνα·

181 1668 276 1740 βάντες
293 1668 341 1730 τάς
355 1669 431 1743 παρά
448 1671 483 1723 τά
497 1668 586 1736 χείλεα
608 1669 657 1724 τοῦ
674 1669 800 1740 ποταμοῖν
819 1666 945 1740 ἐληλαμί·

181 1771 236 1817 νας,
250 1748 347 1822 ἔλαβον
359 1747 394 1807 δέν
407 1773 491 1824 σφεας
502 1749 536 1816 ὥς
547 1754 576 1806 ἐν
590 1750 684 1826 κύρτῃ.
704 1753 753 1808 νῦν
766 1750 832 1817 diet
845 1749 947 1828 οἶστρος·

183 1835 299 1904 δοκήτσυ
309 1854 360 1907 σφι
371 1837 542 1912 παρέσηησαν
556 1835 583 1893 ολ
596 1836 711 1912 Πέρσαι.
738 1834 791 1892 ὕπό
811 1834 840 1891 δέ
859 1835 945 1914 μεχά·

181 1923 246 1984 θεος
258 1922 421 1990 τήςπόλισς,
441 1919 475 1986 άς
492 1921 596 1994 λε’χεται
609 1919 662 1976 δπδ
675 1922 727 1976 τῶν
739 1921 824 1997 ταότη
837 1917 945 1995 οἶκημί·

182 2025 243 2072 νων,
257 2005 310 2059 τῶν
322 2005 384 2082 περὶ
395 2005 430 2061 τά
442 2005 540 2076 ἔσχατα
552 2006 703 2075 τήςπόλισς
715 2005 874 2073 ἑαλωκότων,
882 2004 945 2070 τσάς

182 2088 212 2144 τό
224 2087 307 2162 μέσον
322 2087 459 2156 οἰκέοντας
475 2093 528 2146 τῶν
547 2089 728 2162 Βαβυλωνίων
744 2084 778 2145 οὗ
790 2090 943 2163 μανθάνειν

182 2173 341 2241 ἑαλωκότας,
362 2171 430 2231 άλλά
443 2177 541 2246 (τυχεῖν
552 2175 606 2249 χάρ
622 2193 671 2246 σφι
682 2175 782 2230 έοῦσαν
794 2173 887 2248 σ’ρτήν)
897 2191 946 2242 χο-

182 2255 266 2330 ρείιειν
279 2277 307 2312 τε
318 2259 418 2316 τοῦτον
430 2261 477 2313 τόν
490 2259 602 2334 χρόνον,
630 2257 676 2314 καὶ
688 2261 716 2314 ἐν
728 2253 897 2332 εὗπαθείησι
908 2251 946 2313 εί·

182 2361 241 2408 ναι,
261 2344 288 2405 λς
300 2335 316 2396 ό
329 2340 362 2411 δή
376 2342 421 2398 καὶ
433 2345 464 2399 τό
477 2345 562 2416 κάρτα
574 2341 722 2400 ἐπίθοντο.
748 2342 795 2399 καλ
806 2340 944 2416 Βαβυλῶνι

181 2426 229 2494 μέν
241 2421 312 2482 οὕτω
325 2428 386 2482 τότε
397 2428 502 2500 πρῶτον
515 2424 657 2504 άρρτίρητσ.

237 2523 305 2588 192.
335 2510 391 2580 Τήν
415 2509 444 2566 δέ
468 2509 583 2583 δόναμιν
606 2512 659 2566 τῶν
675 2510 860 2584 Βαβυλωνίων
877 2509 944 2568 πολ·

184 2596 252 2654 botos
263 2594 312 2672 μέν
329 2589 494 2654 καλάλλωσι
507 2591 615 2668 δηλώσω
619 2637 629 2666 ,
658 2591 708 2669 ὅση
721 2595 762 2661 τίς
772 2599 843 2664 ἐστι,
870 2599 899 2654 ἐν
914 2594 944 2652 όί
