<?xml version="1.0" encoding="UTF-8"?>
<!DOCTYPE html PUBLIC "-//W3C//DTD XHTML 1.0 Transitional//EN"
    "http://www.w3.org/TR/xhtml1/DTD/xhtml1-transitional.dtd">
<html xmlns="http://www.w3.org/1999/xhtml" xml:lang="en" lang="en">
 <head>
  <title>
</title>
<meta http-equiv="Content-Type" content="text/html;charset=utf-8" />
  <meta name='ocr-system' content='tesseract 3.04.00' />
  <meta name='ocr-capabilities' content='ocr_page ocr_carea ocr_par ocr_line ocrx_word'/>
</head>
<body>
  <div class='ocr_page' id='page_1' title='image "./herodotihalicar00herogoog_0054.png"; bbox 0 0 1944 2998; ppageno 0'>
   <div class='ocr_carea' id='block_1_1' title="bbox 163 114 652 179">
    <p class='ocr_par' dir='ltr' id='par_1_1' title="bbox 163 114 652 179">
     <span class='ocr_line' id='line_1_1' title="bbox 163 114 652 179; baseline -0.006 -12"><span class='ocrx_word' id='word_1_1' title='bbox 163 122 200 179; x_wconf 77' lang='grc'><strong><em>44</em></strong></span> <span class='ocrx_word' id='word_1_2' title='bbox 432 114 652 166; x_wconf 83' lang='lat' dir='ltr'>HERODOTI</span> 
     </span>
    </p>
   </div>
   <div class='ocr_carea' id='block_1_2' title="bbox 160 226 926 2596">
    <p class='ocr_par' dir='ltr' id='par_1_2' title="bbox 167 226 924 398">
     <span class='ocr_line' id='line_1_2' title="bbox 168 226 924 314; baseline -0.001 -20"><span class='ocrx_word' id='word_1_3' title='bbox 168 238 195 295; x_wconf 79' lang='grc' dir='ltr'><strong><em>οἶ</em></strong></span> <span class='ocrx_word' id='word_1_4' title='bbox 207 237 372 310; x_wconf 69' lang='grc' dir='ltr'><em>ἀποδόμενοι</em></span> <span class='ocrx_word' id='word_1_5' title='bbox 385 240 485 312; x_wconf 71' lang='grc' dir='ltr'><strong><em>λέγοιεν</em></strong></span> <span class='ocrx_word' id='word_1_6' title='bbox 499 233 655 312; x_wconf 82' lang='grc' dir='ltr'><strong><em>ἅπικόμενοι</em></strong></span> <span class='ocrx_word' id='word_1_7' title='bbox 673 242 698 304; x_wconf 78' lang='grc' dir='ltr'><strong><em>ές</em></strong></span> <span class='ocrx_word' id='word_1_8' title='bbox 717 226 875 314; x_wconf 62' lang='grc' dir='ltr'><strong><em>Σπάρτην,</em></strong></span> <span class='ocrx_word' id='word_1_9' title='bbox 890 235 924 302; x_wconf 80' lang='grc' dir='ltr'><strong><em>ὥς</em></strong></span> 
     </span>
     <span class='ocr_line' id='line_1_3' title="bbox 167 320 577 398; baseline -0.007 -18"><span class='ocrx_word' id='word_1_10' title='bbox 167 320 379 398; x_wconf 69' lang='grc' dir='ltr'><strong><em>ἀπαιρεθείησαν</em></strong></span> <span class='ocrx_word' id='word_1_11' title='bbox 393 320 445 377; x_wconf 83' lang='grc' dir='ltr'><strong><em>ὕπδ</em></strong></span> <span class='ocrx_word' id='word_1_12' title='bbox 459 323 577 393; x_wconf 83' lang='grc' dir='ltr'><strong><em>Σαμίων.</em></strong></span> 
     </span>
    </p>

    <p class='ocr_par' dir='ltr' id='par_1_3' title="bbox 160 401 926 2316">
     <span class='ocr_line' id='line_1_4' title="bbox 223 401 924 486; baseline 0.001 -26"><span class='ocrx_word' id='word_1_13' title='bbox 223 423 270 484; x_wconf 83' lang='lat'><strong><em>71.</em></strong></span> <span class='ocrx_word' id='word_1_14' title='bbox 296 407 377 462; x_wconf 85' lang='grc' dir='ltr'><strong><em>Κατοί</em></strong></span> <span class='ocrx_word' id='word_1_15' title='bbox 401 407 449 486; x_wconf 85' lang='grc' dir='ltr'><strong><em>μέν</em></strong></span> <span class='ocrx_word' id='word_1_16' title='bbox 473 424 522 462; x_wconf 91' lang='grc' dir='ltr'><strong><em>νυν</em></strong></span> <span class='ocrx_word' id='word_1_17' title='bbox 546 408 594 461; x_wconf 84' lang='grc' dir='ltr'><strong><em>τόν</em></strong></span> <span class='ocrx_word' id='word_1_18' title='bbox 618 407 735 482; x_wconf 76' lang='grc' dir='ltr'><strong><em>κρητῆρα</em></strong></span> <span class='ocrx_word' id='word_1_19' title='bbox 753 401 837 472; x_wconf 75' lang='grc' dir='ltr'><strong><em>οὕτως</em></strong></span> <span class='ocrx_word' id='word_1_20' title='bbox 855 402 924 475; x_wconf 69' lang='grc' dir='ltr'><strong><em>ἔσχε.</em></strong></span> 
     </span>
     <span class='ocr_line' id='line_1_5' title="bbox 171 487 926 566; baseline -0.003 -21"><span class='ocrx_word' id='word_1_21' title='bbox 171 493 285 564; x_wconf 84' lang='grc' dir='ltr'><strong><em>Κροῖσος</em></strong></span> <span class='ocrx_word' id='word_1_22' title='bbox 309 488 338 544; x_wconf 86' lang='grc' dir='ltr'><strong><em>δέ</em></strong></span> <span class='ocrx_word' id='word_1_23' title='bbox 356 487 482 563; x_wconf 77' lang='grc' dir='ltr'><strong><em>ἁμαρτὼν</em></strong></span> <span class='ocrx_word' id='word_1_24' title='bbox 501 489 550 544; x_wconf 77' lang='grc' dir='ltr'><strong><em>τοῦ</em></strong></span> <span class='ocrx_word' id='word_1_25' title='bbox 565 491 687 566; x_wconf 76' lang='grc' dir='ltr'><em>χρησμοῦ</em></span> <span class='ocrx_word' id='word_1_26' title='bbox 705 491 823 545; x_wconf 78' lang='grc' dir='ltr'><strong><em>ἐποιέετο</em></strong></span> <span class='ocrx_word' id='word_1_27' title='bbox 841 511 926 563; x_wconf 88' lang='grc' dir='ltr'><strong><em>στρα-</em></strong></span> 
     </span>
     <span class='ocr_line' id='line_1_6' title="bbox 167 572 925 648; baseline -0.004 -18"><span class='ocrx_word' id='word_1_28' title='bbox 167 573 243 644; x_wconf 76' lang='grc' dir='ltr'><strong><em>τηίην</em></strong></span> <span class='ocrx_word' id='word_1_29' title='bbox 256 576 281 636; x_wconf 75' lang='grc' dir='ltr'><strong><em>ἐς</em></strong></span> <span class='ocrx_word' id='word_1_30' title='bbox 292 572 509 642; x_wconf 77' lang='grc' dir='ltr'><em>Καππαδοκίην,</em></span> <span class='ocrx_word' id='word_1_31' title='bbox 524 574 632 637; x_wconf 82' lang='grc' dir='ltr'><strong><em>ἐλπίσας</em></strong></span> <span class='ocrx_word' id='word_1_32' title='bbox 643 574 813 645; x_wconf 75' lang='grc' dir='ltr'><strong><em>καταιρήσειν</em></strong></span> <span class='ocrx_word' id='word_1_33' title='bbox 826 576 925 648; x_wconf 76' lang='grc' dir='ltr'><strong><em>Κῦρόν</em></strong></span> 
     </span>
     <span class='ocr_line' id='line_1_7' title="bbox 160 647 925 732; baseline 0 -20"><span class='ocrx_word' id='word_1_34' title='bbox 160 647 196 712; x_wconf 90' lang='grc' dir='ltr'><strong><em>Ιτε</em></strong></span> <span class='ocrx_word' id='word_1_35' title='bbox 208 654 255 715; x_wconf 85' lang='grc' dir='ltr'><strong><em>καί</em></strong></span> <span class='ocrx_word' id='word_1_36' title='bbox 268 657 315 726; x_wconf 89' lang='grc' dir='ltr'><strong><em>τήν</em></strong></span> <span class='ocrx_word' id='word_1_37' title='bbox 329 659 452 732; x_wconf 86' lang='grc' dir='ltr'><strong><em>Περσέων</em></strong></span> <span class='ocrx_word' id='word_1_38' title='bbox 466 655 588 728; x_wconf 78' lang='grc' dir='ltr'><strong><em>δύναμιν.</em></strong></span> <span class='ocrx_word' id='word_1_39' title='bbox 611 658 880 732; x_wconf 79' lang='grc' dir='ltr'><strong><em>παρασκευαζομένου</em></strong></span> <span class='ocrx_word' id='word_1_40' title='bbox 894 657 925 712; x_wconf 85' lang='grc' dir='ltr'><strong><em>δέ</em></strong></span> 
     </span>
     <span class='ocr_line' id='line_1_8' title="bbox 167 739 924 816; baseline -0.001 -19"><span class='ocrx_word' id='word_1_41' title='bbox 167 743 290 816; x_wconf 80' lang='grc' dir='ltr'><strong><em>Κροίσου</em></strong></span> <span class='ocrx_word' id='word_1_42' title='bbox 304 741 497 816; x_wconf 78' lang='grc' dir='ltr'><strong><em>στρατεύεσθαι</em></strong></span> <span class='ocrx_word' id='word_1_43' title='bbox 510 739 553 796; x_wconf 77' lang='grc' dir='ltr'><em>ἐπὶ</em></span> <span class='ocrx_word' id='word_1_44' title='bbox 567 743 680 816; x_wconf 83' lang='grc' dir='ltr'><strong><em>Πέρσας,</em></strong></span> <span class='ocrx_word' id='word_1_45' title='bbox 699 741 750 795; x_wconf 85' lang='grc' dir='ltr'><strong><em>τῶν</em></strong></span> <span class='ocrx_word' id='word_1_46' title='bbox 762 761 800 805; x_wconf 86' lang='grc' dir='ltr'><strong><em>τις</em></strong></span> <span class='ocrx_word' id='word_1_47' title='bbox 812 741 924 809; x_wconf 79' lang='grc' dir='ltr'><strong><em>Λυδῶν,</em></strong></span> 
     </span>
     <span class='ocr_line' id='line_1_9' title="bbox 167 820 925 899; baseline -0.003 -18"><span class='ocrx_word' id='word_1_48' title='bbox 167 826 335 898; x_wconf 77' lang='grc' dir='ltr'><strong><em>νομιζόμενος</em></strong></span> <span class='ocrx_word' id='word_1_49' title='bbox 351 847 396 880; x_wconf 89' lang='grc' dir='ltr'><strong><em>και</em></strong></span> <span class='ocrx_word' id='word_1_50' title='bbox 386 820 569 899; x_wconf 79' lang='grc' dir='ltr'><strong><em>πρόσθεν</em></strong></span> <span class='ocrx_word' id='word_1_51' title='bbox 543 845 610 879; x_wconf 91' lang='grc' dir='ltr'><strong><em>ειναι</em></strong></span> <span class='ocrx_word' id='word_1_52' title='bbox 623 825 719 896; x_wconf 87' lang='grc' dir='ltr'><strong><em>σοφός,</em></strong></span> <span class='ocrx_word' id='word_1_53' title='bbox 746 821 800 878; x_wconf 79' lang='grc' dir='ltr'><em>ιίπο</em></span> <span class='ocrx_word' id='word_1_54' title='bbox 792 823 843 878; x_wconf 78' lang='grc' dir='ltr'><strong><em>Ιδὲ</em></strong></span> <span class='ocrx_word' id='word_1_55' title='bbox 856 825 925 879; x_wconf 85' lang='grc' dir='ltr'><strong><em>ταὺ-</em></strong></span> 
     </span>
     <span class='ocr_line' id='line_1_10' title="bbox 167 907 922 982; baseline -0.003 -18"><span class='ocrx_word' id='word_1_56' title='bbox 167 931 212 978; x_wconf 87' lang='grc' dir='ltr'><strong><em>της</em></strong></span> <span class='ocrx_word' id='word_1_57' title='bbox 224 930 270 978; x_wconf 93' lang='grc' dir='ltr'><strong><em>της</em></strong></span> <span class='ocrx_word' id='word_1_58' title='bbox 274 929 377 981; x_wconf 81' lang='grc' dir='ltr'><strong><em>χνομης</em></strong></span> <span class='ocrx_word' id='word_1_59' title='bbox 383 930 428 964; x_wconf 87' lang='grc' dir='ltr'><strong><em>και</em></strong></span> <span class='ocrx_word' id='word_1_60' title='bbox 419 909 513 963; x_wconf 82' lang='grc' dir='ltr'><strong><em>ιδ’</em></strong></span> <span class='ocrx_word' id='word_1_61' title='bbox 480 929 564 982; x_wconf 88' lang='grc' dir='ltr'><strong><em>καρτα</em></strong></span> <span class='ocrx_word' id='word_1_62' title='bbox 576 929 679 980; x_wconf 89' lang='grc' dir='ltr'><strong><em>ουνομα</em></strong></span> <span class='ocrx_word' id='word_1_63' title='bbox 691 907 922 1007; x_wconf 77' lang='grc' dir='ltr'><strong><em>ένΛυδοῖσιέχοιι,</em></strong></span> 
     </span>
     <span class='ocr_line' id='line_1_11' title="bbox 167 977 925 1095; baseline 0 -48"><span class='ocrx_word' id='word_1_64' title='bbox 167 991 358 1089; x_wconf 76' lang='grc' dir='ltr'><strong><em>συνεβούλευσε</em></strong></span> <span class='ocrx_word' id='word_1_65' title='bbox 373 991 483 1065; x_wconf 81' lang='grc' dir='ltr'><strong><em>Κροίσῳ</em></strong></span> <span class='ocrx_word' id='word_1_66' title='bbox 495 991 572 1047; x_wconf 86' lang='grc' dir='ltr'><strong><em>τοίδε</em></strong></span> <span class='ocrx_word' id='word_1_67' title='bbox 596 987 754 1095; x_wconf 82' lang='grc' dir='ltr'><strong><em>(ουνομρί</em></strong></span> <span class='ocrx_word' id='word_1_68' title='bbox 729 1011 755 1044; x_wconf 90' lang='grc' dir='ltr'><strong><em>οι</em></strong></span> <span class='ocrx_word' id='word_1_69' title='bbox 766 977 800 1060; x_wconf 84' lang='grc' dir='ltr'><strong><em>ήν</em></strong></span> <span class='ocrx_word' id='word_1_70' title='bbox 812 991 925 1047; x_wconf 81' lang='grc' dir='ltr'><strong><em>Σάνδα-</em></strong></span> 
     </span>
     <span class='ocr_line' id='line_1_12' title="bbox 167 1061 925 1180; baseline 0.001 -51"><span class='ocrx_word' id='word_1_71' title='bbox 167 1076 261 1150; x_wconf 86' lang='grc' dir='ltr'><strong><em>νις·),</em></strong></span> <span class='ocrx_word' id='word_1_72' title='bbox 264 1061 303 1137; x_wconf 67' lang='grc' dir='ltr'><strong><em>,Ὦ</em></strong></span> <span class='ocrx_word' id='word_1_73' title='bbox 317 1075 439 1145; x_wconf 78' lang='grc' dir='ltr'><strong><em>βασιλεῦ,</em></strong></span> <span class='ocrx_word' id='word_1_74' title='bbox 458 1069 498 1129; x_wconf 81' lang='grc' dir='ltr'><strong><em>ἐπ’</em></strong></span> <span class='ocrx_word' id='word_1_75' title='bbox 513 1069 619 1180; x_wconf 82' lang='grc' dir='ltr'><strong><em>ηνδρας</em></strong></span> <span class='ocrx_word' id='word_1_76' title='bbox 631 1074 925 1148; x_wconf 79' lang='grc' dir='ltr'><strong><em>τοιούτουςστρατεέιε-</em></strong></span> 
     </span>
     <span class='ocr_line' id='line_1_13' title="bbox 167 1155 922 1261; baseline 0.003 -48"><span class='ocrx_word' id='word_1_77' title='bbox 167 1161 236 1213; x_wconf 89' lang='grc' dir='ltr'><strong><em>σθαι</em></strong></span> <span class='ocrx_word' id='word_1_78' title='bbox 248 1158 470 1232; x_wconf 79' lang='grc' dir='ltr'><strong><em>παρασκευάζεαι,</em></strong></span> <span class='ocrx_word' id='word_1_79' title='bbox 499 1157 527 1212; x_wconf 89' lang='grc' dir='ltr'><strong><em>οί</em></strong></span> <span class='ocrx_word' id='word_1_80' title='bbox 543 1161 665 1223; x_wconf 75' lang='grc' dir='ltr'><strong><em>σκυτίνας</em></strong></span> <span class='ocrx_word' id='word_1_81' title='bbox 682 1159 730 1261; x_wconf 85' lang='grc' dir='ltr'><strong><em>μέν</em></strong></span> <span class='ocrx_word' id='word_1_82' title='bbox 750 1155 922 1261; x_wconf 81' lang='grc' dir='ltr'><strong><em>αναξυρίδας,</em></strong></span> 
     </span>
     <span class='ocr_line' id='line_1_14' title="bbox 168 1235 923 1317; baseline 0.003 -22"><span class='ocrx_word' id='word_1_83' title='bbox 168 1240 294 1308; x_wconf 88' lang='grc' dir='ltr'><strong><em>σκυτίνην</em></strong></span> <span class='ocrx_word' id='word_1_84' title='bbox 309 1239 378 1294; x_wconf 85' lang='grc' dir='ltr'><strong><em>δέ</em></strong></span> <span class='ocrx_word' id='word_1_85' title='bbox 349 1261 397 1308; x_wconf 88' lang='grc' dir='ltr'><strong><em>την</em></strong></span> <span class='ocrx_word' id='word_1_86' title='bbox 414 1235 495 1309; x_wconf 84' lang='grc' dir='ltr'><strong><em>όίλλην</em></strong></span> <span class='ocrx_word' id='word_1_87' title='bbox 507 1244 611 1310; x_wconf 79' lang='grc' dir='ltr'><strong><em>ἐσθῆτα</em></strong></span> <span class='ocrx_word' id='word_1_88' title='bbox 625 1243 760 1317; x_wconf 76' lang='grc' dir='ltr'><strong><em>φορέουσι.</em></strong></span> <span class='ocrx_word' id='word_1_89' title='bbox 788 1242 923 1298; x_wconf 85' lang='grc' dir='ltr'><strong><em>σιτέονται</em></strong></span> 
     </span>
     <span class='ocr_line' id='line_1_15' title="bbox 169 1318 924 1398; baseline 0.003 -21"><span class='ocrx_word' id='word_1_90' title='bbox 169 1324 196 1378; x_wconf 89' lang='grc' dir='ltr'><strong><em>δέ</em></strong></span> <span class='ocrx_word' id='word_1_91' title='bbox 209 1320 258 1379; x_wconf 81' lang='grc' dir='ltr'><strong><em>οὐκ</em></strong></span> <span class='ocrx_word' id='word_1_92' title='bbox 272 1318 323 1380; x_wconf 80' lang='grc' dir='ltr'><strong><em>ὅσοι</em></strong></span> <span class='ocrx_word' id='word_1_93' title='bbox 335 1326 465 1390; x_wconf 80' lang='grc' dir='ltr'><strong><em>ἐθέλουσι,</em></strong></span> <span class='ocrx_word' id='word_1_94' title='bbox 494 1321 550 1379; x_wconf 73' lang='grc' dir='ltr'><strong><em>ἄλλ’</em></strong></span> <span class='ocrx_word' id='word_1_95' title='bbox 563 1321 614 1380; x_wconf 81' lang='grc' dir='ltr'><strong><em>ὅσα</em></strong></span> <span class='ocrx_word' id='word_1_96' title='bbox 628 1325 724 1395; x_wconf 80' lang='grc' dir='ltr'><strong><em>έχουσι,</em></strong></span> <span class='ocrx_word' id='word_1_97' title='bbox 748 1325 836 1398; x_wconf 85' lang='grc' dir='ltr'><strong><em>χώρην</em></strong></span> <span class='ocrx_word' id='word_1_98' title='bbox 848 1325 924 1394; x_wconf 78' lang='grc' dir='ltr'><strong><em>έχον-</em></strong></span> 
     </span>
     <span class='ocr_line' id='line_1_16' title="bbox 167 1403 922 1483; baseline 0.005 -22"><span class='ocrx_word' id='word_1_99' title='bbox 167 1429 207 1473; x_wconf 89' lang='grc' dir='ltr'><strong><em>τες</em></strong></span> <span class='ocrx_word' id='word_1_100' title='bbox 219 1409 348 1481; x_wconf 79' lang='grc' dir='ltr'><strong><em>τρηχείην.</em></strong></span> <span class='ocrx_word' id='word_1_101' title='bbox 373 1409 439 1483; x_wconf 80' lang='grc' dir='ltr'><strong><em>πρὸς</em></strong></span> <span class='ocrx_word' id='word_1_102' title='bbox 459 1407 487 1463; x_wconf 83' lang='grc' dir='ltr'><strong><em>δέ</em></strong></span> <span class='ocrx_word' id='word_1_103' title='bbox 503 1403 552 1462; x_wconf 77' lang='grc' dir='ltr'><strong><em>οὐκ</em></strong></span> <span class='ocrx_word' id='word_1_104' title='bbox 566 1411 628 1482; x_wconf 80' lang='grc' dir='ltr'><strong><em>οἴνῳ</em></strong></span> <span class='ocrx_word' id='word_1_105' title='bbox 642 1410 826 1481; x_wconf 80' lang='grc' dir='ltr'><strong><em>διαχρέωνται,</em></strong></span> <span class='ocrx_word' id='word_1_106' title='bbox 852 1407 922 1465; x_wconf 78' lang='grc' dir='ltr'><strong><em>ἄλλοί</em></strong></span> 
     </span>
     <span class='ocr_line' id='line_1_17' title="bbox 168 1487 922 1565; baseline 0.003 -19"><span class='ocrx_word' id='word_1_107' title='bbox 168 1490 373 1565; x_wconf 83' lang='grc' dir='ltr'><strong><em>ὑδροποτέουσι.</em></strong></span> <span class='ocrx_word' id='word_1_108' title='bbox 387 1487 420 1546; x_wconf 79' lang='grc' dir='ltr'><strong><em>οὗ</em></strong></span> <span class='ocrx_word' id='word_1_109' title='bbox 434 1492 505 1546; x_wconf 79' lang='grc' dir='ltr'><strong><em>σῦκα</em></strong></span> <span class='ocrx_word' id='word_1_110' title='bbox 519 1491 546 1546; x_wconf 81' lang='grc' dir='ltr'><strong><em>δέ</em></strong></span> <span class='ocrx_word' id='word_1_111' title='bbox 558 1492 648 1562; x_wconf 78' lang='grc' dir='ltr'><strong><em>έχουσι</em></strong></span> <span class='ocrx_word' id='word_1_112' title='bbox 659 1496 775 1565; x_wconf 78' lang='grc' dir='ltr'><strong><em>τρώμαν,</em></strong></span> <span class='ocrx_word' id='word_1_113' title='bbox 790 1490 839 1546; x_wconf 80' lang='grc' dir='ltr'><strong><em>οὐκ</em></strong></span> <span class='ocrx_word' id='word_1_114' title='bbox 852 1489 922 1548; x_wconf 77' lang='grc' dir='ltr'><strong><em>ἄλλο</em></strong></span> 
     </span>
     <span class='ocr_line' id='line_1_18' title="bbox 168 1571 924 1648; baseline 0.004 -20"><span class='ocrx_word' id='word_1_115' title='bbox 168 1572 277 1648; x_wconf 74' lang='grc' dir='ltr'><strong><em>ἀγαθόν</em></strong></span> <span class='ocrx_word' id='word_1_116' title='bbox 291 1571 375 1629; x_wconf 74' lang='grc' dir='ltr'><strong><em>οὐδέν.</em></strong></span> <span class='ocrx_word' id='word_1_117' title='bbox 401 1577 480 1630; x_wconf 74' lang='grc' dir='ltr'><strong><em>τοῦτο</em></strong></span> <span class='ocrx_word' id='word_1_118' title='bbox 493 1577 542 1647; x_wconf 84' lang='grc' dir='ltr'><strong><em>μέν</em></strong></span> <span class='ocrx_word' id='word_1_119' title='bbox 554 1576 595 1644; x_wconf 88' lang='grc' dir='ltr'><strong><em>δή,</em></strong></span> <span class='ocrx_word' id='word_1_120' title='bbox 610 1573 632 1630; x_wconf 80' lang='grc' dir='ltr'><strong><em>εἰ</em></strong></span> <span class='ocrx_word' id='word_1_121' title='bbox 646 1577 770 1646; x_wconf 87' lang='grc' dir='ltr'><strong><em>νικήσεις,</em></strong></span> <span class='ocrx_word' id='word_1_122' title='bbox 796 1578 824 1631; x_wconf 89' lang='grc' dir='ltr'><strong><em>τί</em></strong></span> <span class='ocrx_word' id='word_1_123' title='bbox 836 1597 924 1648; x_wconf 86' lang='grc' dir='ltr'><strong><em>σφεας</em></strong></span> 
     </span>
     <span class='ocr_line' id='line_1_19' title="bbox 167 1653 922 1732; baseline 0.004 -21"><span class='ocrx_word' id='word_1_124' title='bbox 167 1653 342 1732; x_wconf 75' lang='grc' dir='ltr'><strong><em>ἅπαιρήσεαι,</em></strong></span> <span class='ocrx_word' id='word_1_125' title='bbox 369 1658 441 1713; x_wconf 81' lang='grc' dir='ltr'><strong><em>τοῖσί</em></strong></span> <span class='ocrx_word' id='word_1_126' title='bbox 451 1679 482 1731; x_wconf 82' lang='grc' dir='ltr'><strong><em>χε</em></strong></span> <span class='ocrx_word' id='word_1_127' title='bbox 491 1659 527 1732; x_wconf 92' lang='grc' dir='ltr'><strong><em>μή</em></strong></span> <span class='ocrx_word' id='word_1_128' title='bbox 541 1663 596 1714; x_wconf 87' lang='grc' dir='ltr'><strong><em>έστι</em></strong></span> <span class='ocrx_word' id='word_1_129' title='bbox 606 1658 706 1732; x_wconf 92' lang='grc' dir='ltr'><strong><em>μηδέν,·</em></strong></span> <span class='ocrx_word' id='word_1_130' title='bbox 731 1661 810 1714; x_wconf 74' lang='grc' dir='ltr'><strong><em>τοῦτο</em></strong></span> <span class='ocrx_word' id='word_1_131' title='bbox 825 1660 866 1727; x_wconf 87' lang='grc' dir='ltr'><strong><em>δέ,</em></strong></span> <span class='ocrx_word' id='word_1_132' title='bbox 877 1658 922 1728; x_wconf 84' lang='grc' dir='ltr'><strong><em>’ήν</em></strong></span> 
     </span>
     <span class='ocr_line' id='line_1_20' title="bbox 167 1737 924 1817; baseline 0.004 -21"><span class='ocrx_word' id='word_1_133' title='bbox 167 1741 287 1814; x_wconf 76' lang='grc' dir='ltr'><strong><em>νικηθῇς,</em></strong></span> <span class='ocrx_word' id='word_1_134' title='bbox 302 1743 383 1813; x_wconf 78' lang='grc' dir='ltr'><strong><em>μάθε,</em></strong></span> <span class='ocrx_word' id='word_1_135' title='bbox 399 1737 450 1796; x_wconf 79' lang='grc' dir='ltr'><strong><em>ὅσα</em></strong></span> <span class='ocrx_word' id='word_1_136' title='bbox 463 1740 559 1814; x_wconf 78' lang='grc' dir='ltr'><strong><em>ἅμαθιί</em></strong></span> <span class='ocrx_word' id='word_1_137' title='bbox 569 1741 735 1816; x_wconf 72' lang='grc' dir='ltr'><strong><em>ἀποβαλέεις.</em></strong></span> <span class='ocrx_word' id='word_1_138' title='bbox 759 1744 924 1817; x_wconf 82' lang='grc' dir='ltr'><strong><em>χευσοίμενοι</em></strong></span> 
     </span>
     <span class='ocr_line' id='line_1_21' title="bbox 165 1819 925 1900; baseline 0.003 -20"><span class='ocrx_word' id='word_1_139' title='bbox 165 1827 218 1900; x_wconf 79' lang='grc' dir='ltr'><strong><em>χείρ</em></strong></span> <span class='ocrx_word' id='word_1_140' title='bbox 231 1827 281 1879; x_wconf 84' lang='grc' dir='ltr'><strong><em>τῶν</em></strong></span> <span class='ocrx_word' id='word_1_141' title='bbox 293 1819 421 1900; x_wconf 84' lang='grc' dir='ltr'><strong><em>ήμετέροιν</em></strong></span> <span class='ocrx_word' id='word_1_142' title='bbox 433 1821 560 1899; x_wconf 79' lang='grc' dir='ltr'><strong><em>ἅγαθῶν,</em></strong></span> <span class='ocrx_word' id='word_1_143' title='bbox 586 1829 750 1899; x_wconf 83' lang='grc' dir='ltr'><strong><em>περιέξονται</em></strong></span> <span class='ocrx_word' id='word_1_144' title='bbox 767 1823 830 1882; x_wconf 78' lang='grc' dir='ltr'><strong><em>οὐδέ</em></strong></span> <span class='ocrx_word' id='word_1_145' title='bbox 847 1825 925 1883; x_wconf 80' lang='grc' dir='ltr'><strong><em>ἄπει·</em></strong></span> 
     </span>
     <span class='ocr_line' id='line_1_22' title="bbox 166 1907 924 1984; baseline 0.001 -19"><span class='ocrx_word' id='word_1_146' title='bbox 166 1908 225 1965; x_wconf 78' lang='grc' dir='ltr'><strong><em>στοέ</em></strong></span> <span class='ocrx_word' id='word_1_147' title='bbox 238 1907 349 1964; x_wconf 83' lang='grc' dir='ltr'><strong><em>έσονται.</em></strong></span> <span class='ocrx_word' id='word_1_148' title='bbox 374 1907 424 1981; x_wconf 83' lang='grc' dir='ltr'><strong><em>έμώ</em></strong></span> <span class='ocrx_word' id='word_1_149' title='bbox 441 1911 490 1981; x_wconf 88' lang='grc' dir='ltr'><strong><em>μέν</em></strong></span> <span class='ocrx_word' id='word_1_150' title='bbox 503 1929 552 1964; x_wconf 89' lang='grc' dir='ltr'><strong><em>νυν</em></strong></span> <span class='ocrx_word' id='word_1_151' title='bbox 566 1913 657 1966; x_wconf 81' lang='grc' dir='ltr'><strong><em>θεοῖσι</em></strong></span> <span class='ocrx_word' id='word_1_152' title='bbox 671 1909 719 1981; x_wconf 71' lang='grc' dir='ltr'><strong><em>ἔχει</em></strong></span> <span class='ocrx_word' id='word_1_153' title='bbox 728 1912 814 1984; x_wconf 81' lang='grc' dir='ltr'><strong><em>χάριν,</em></strong></span> <span class='ocrx_word' id='word_1_154' title='bbox 831 1908 860 1965; x_wconf 78' lang='grc' dir='ltr'><strong><em>οἳ</em></strong></span> <span class='ocrx_word' id='word_1_155' title='bbox 871 1908 924 1966; x_wconf 78' lang='grc' dir='ltr'><strong><em>οὐκ</em></strong></span> 
     </span>
     <span class='ocr_line' id='line_1_23' title="bbox 165 1991 924 2092; baseline 0.005 -46"><span class='ocrx_word' id='word_1_156' title='bbox 165 1991 210 2047; x_wconf 78' lang='grc' dir='ltr'><em>ἐπὶ</em></span> <span class='ocrx_word' id='word_1_157' title='bbox 229 1993 292 2048; x_wconf 92' lang='grc' dir='ltr'><strong><em>νόον</em></strong></span> <span class='ocrx_word' id='word_1_158' title='bbox 311 1993 431 2048; x_wconf 91' lang='grc' dir='ltr'><strong><em>ποιέουσι</em></strong></span> <span class='ocrx_word' id='word_1_159' title='bbox 449 1993 570 2092; x_wconf 87' lang='grc' dir='ltr'><strong><em>Πέρσησι</em></strong></span> <span class='ocrx_word' id='word_1_160' title='bbox 588 1993 813 2068; x_wconf 81' lang='grc' dir='ltr'><strong><em>στρατεύεσθαι’</em></strong></span> <span class='ocrx_word' id='word_1_161' title='bbox 800 2015 845 2049; x_wconf 85' lang='grc' dir='ltr'><strong><em>επι</em></strong></span> <span class='ocrx_word' id='word_1_162' title='bbox 861 2001 924 2050; x_wconf 86' lang='grc' dir='ltr'><strong><em>Λο-</em></strong></span> 
     </span>
     <span class='ocr_line' id='line_1_24' title="bbox 167 2073 925 2176; baseline 0.008 -48"><span class='ocrx_word' id='word_1_163' title='bbox 167 2074 236 2138; x_wconf 85' lang='grc' dir='ltr'><strong><em>δοέις.</em></strong></span> <span class='ocrx_word' id='word_1_164' title='bbox 240 2084 257 2108; x_wconf 84' lang='grc'><strong><em>“</em></strong></span> <span class='ocrx_word' id='word_1_165' title='bbox 273 2078 365 2130; x_wconf 82' lang='grc' dir='ltr'><strong><em>Τααια</em></strong></span> <span class='ocrx_word' id='word_1_166' title='bbox 376 2073 503 2150; x_wconf 71' lang='grc' dir='ltr'><strong><em>λέγων’</em></strong></span> <span class='ocrx_word' id='word_1_167' title='bbox 471 2097 519 2131; x_wconf 88' lang='grc' dir='ltr'><strong><em>ουκ</em></strong></span> <span class='ocrx_word' id='word_1_168' title='bbox 533 2075 624 2148; x_wconf 74' lang='grc' dir='ltr'><strong><em>ἔπειθε</em></strong></span> <span class='ocrx_word' id='word_1_169' title='bbox 637 2079 683 2132; x_wconf 89' lang='grc' dir='ltr'><strong><em>τόν</em></strong></span> <span class='ocrx_word' id='word_1_170' title='bbox 696 2081 826 2176; x_wconf 82' lang='grc' dir='ltr'><strong><em>Κροῖσον.</em></strong></span> <span class='ocrx_word' id='word_1_171' title='bbox 847 2081 925 2152; x_wconf 89' lang='grc' dir='ltr'><strong><em>Πέρ-</em></strong></span> 
     </span>
     <span class='ocr_line' id='line_1_25' title="bbox 166 2147 925 2260; baseline 0.005 -46"><span class='ocrx_word' id='word_1_172' title='bbox 166 2179 229 2232; x_wconf 90' lang='grc' dir='ltr'><strong><em>σησι</em></strong></span> <span class='ocrx_word' id='word_1_173' title='bbox 241 2159 308 2260; x_wconf 50' lang='grc' dir='ltr'><strong><em>μέρη</em></strong></span> <span class='ocrx_word' id='word_1_174' title='bbox 335 2158 397 2232; x_wconf 80' lang='grc' dir='ltr'><strong><em>πρὶν</em></strong></span> <span class='ocrx_word' id='word_1_175' title='bbox 409 2158 519 2221; x_wconf 83' lang='grc' dir='ltr'><strong><em>Λυδοὺς</em></strong></span> <span class='ocrx_word' id='word_1_176' title='bbox 536 2163 791 2236; x_wconf 79' lang='grc' dir='ltr'><strong><em>καταστρέψασθαι,</em></strong></span> <span class='ocrx_word' id='word_1_177' title='bbox 810 2147 844 2229; x_wconf 84' lang='grc' dir='ltr'><strong><em>ήν</em></strong></span> <span class='ocrx_word' id='word_1_178' title='bbox 857 2159 925 2218; x_wconf 77' lang='grc' dir='ltr'><strong><em>οὔτε</em></strong></span> 
     </span>
     <span class='ocr_line' id='line_1_26' title="bbox 166 2237 554 2316; baseline 0.011 -21"><span class='ocrx_word' id='word_1_179' title='bbox 166 2239 258 2316; x_wconf 72' lang='grc' dir='ltr'><strong><em>ἁβρόν,</em></strong></span> <span class='ocrx_word' id='word_1_180' title='bbox 274 2237 554 2315; x_wconf 81' lang='grc' dir='ltr'><strong><em>σι’ίτεαμαθδνούδέν.</em></strong></span> 
     </span>
    </p>

    <p class='ocr_par' dir='ltr' id='par_1_4' title="bbox 164 2321 926 2568">
     <span class='ocr_line' id='line_1_27' title="bbox 220 2321 926 2402; baseline 0.006 -20"><span class='ocrx_word' id='word_1_181' title='bbox 220 2342 268 2402; x_wconf 81' lang='lat'><strong><em>72.</em></strong></span> <span class='ocrx_word' id='word_1_182' title='bbox 286 2323 319 2380; x_wconf 79' lang='grc' dir='ltr'><strong><em>Οἱ</em></strong></span> <span class='ocrx_word' id='word_1_183' title='bbox 332 2325 360 2380; x_wconf 83' lang='grc' dir='ltr'><strong><em>δὲ</em></strong></span> <span class='ocrx_word' id='word_1_184' title='bbox 372 2325 589 2382; x_wconf 65' lang='grc' dir='ltr'><strong><em>Καππαδόκαιε</em></strong></span> <span class='ocrx_word' id='word_1_185' title='bbox 577 2321 621 2382; x_wconf 78' lang='grc' dir='ltr'><strong><em>σοι’</em></strong></span> <span class='ocrx_word' id='word_1_186' title='bbox 635 2323 765 2397; x_wconf 79' lang='grc' dir='ltr'><strong><em>Ἑλλήνων</em></strong></span> <span class='ocrx_word' id='word_1_187' title='bbox 779 2327 912 2402; x_wconf 76' lang='grc' dir='ltr'><strong><em>Σίριοι’</em></strong></span> <span class='ocrx_word' id='word_1_188' title='bbox 894 2352 926 2386; x_wconf 75' lang='grc' dir='ltr'><strong><em>ο·</em></strong></span> 
     </span>
     <span class='ocr_line' id='line_1_28' title="bbox 164 2407 924 2486; baseline 0.008 -24"><span class='ocrx_word' id='word_1_189' title='bbox 164 2407 370 2480; x_wconf 77' lang='grc' dir='ltr'><strong><em>νομοίζονται·’</em></strong></span> <span class='ocrx_word' id='word_1_190' title='bbox 362 2409 426 2465; x_wconf 85' lang='grc' dir='ltr'><strong><em>έσαν</em></strong></span> <span class='ocrx_word' id='word_1_191' title='bbox 440 2409 507 2464; x_wconf 86' lang='grc' dir='ltr'><strong><em>δέ</em></strong></span> <span class='ocrx_word' id='word_1_192' title='bbox 481 2431 507 2464; x_wconf 92' lang='grc' dir='ltr'><strong><em>οι</em></strong></span> <span class='ocrx_word' id='word_1_193' title='bbox 521 2409 619 2484; x_wconf 81' lang='grc' dir='ltr'><strong><em>Σέριοι</em></strong></span> <span class='ocrx_word' id='word_1_194' title='bbox 631 2431 708 2468; x_wconf 88' lang='grc' dir='ltr'><strong><em>ουτοι</em></strong></span> <span class='ocrx_word' id='word_1_195' title='bbox 720 2413 794 2467; x_wconf 86' lang='grc' dir='ltr'><strong><em>τό</em></strong></span> <span class='ocrx_word' id='word_1_196' title='bbox 763 2433 812 2484; x_wconf 87' lang='grc' dir='ltr'><strong><em>μεν</em></strong></span> <span class='ocrx_word' id='word_1_197' title='bbox 824 2416 924 2486; x_wconf 72' lang='grc' dir='ltr'><strong><em>πρότε·</em></strong></span> 
     </span>
     <span class='ocr_line' id='line_1_29' title="bbox 164 2487 924 2596; baseline 0.008 -49"><span class='ocrx_word' id='word_1_198' title='bbox 164 2514 220 2568; x_wconf 87' lang='grc' dir='ltr'><strong><em>ρον,</em></strong></span> <span class='ocrx_word' id='word_1_199' title='bbox 234 2489 251 2562; x_wconf 81' lang='grc' dir='ltr'><em>ἢ</em></span> <span class='ocrx_word' id='word_1_200' title='bbox 256 2494 376 2596; x_wconf 86' lang='grc' dir='ltr'><strong><em>Πέρσας</em></strong></span> <span class='ocrx_word' id='word_1_201' title='bbox 383 2487 467 2594; x_wconf 80' lang='grc' dir='ltr'><strong><em>σίρξαι,</em></strong></span> <span class='ocrx_word' id='word_1_202' title='bbox 476 2492 580 2561; x_wconf 81' lang='grc' dir='ltr'><strong><em>Μήδων</em></strong></span> <span class='ocrx_word' id='word_1_203' title='bbox 593 2496 730 2563; x_wconf 87' lang='grc' dir='ltr'><strong><em>κατήκοοι,</em></strong></span> <span class='ocrx_word' id='word_1_204' title='bbox 744 2498 813 2550; x_wconf 87' lang='grc' dir='ltr'><strong><em>τότε</em></strong></span> <span class='ocrx_word' id='word_1_205' title='bbox 816 2494 846 2548; x_wconf 87' lang='grc' dir='ltr'><strong><em>δέ</em></strong></span> <span class='ocrx_word' id='word_1_206' title='bbox 858 2499 924 2552; x_wconf 80' lang='grc' dir='ltr'><strong><em>Κύ-</em></strong></span> 
     </span>
    </p>
   </div>
   <div class='ocr_carea' id='block_1_3' title="bbox 103 2563 925 2654">
    <p class='ocr_par' dir='ltr' id='par_1_5' title="bbox 103 2563 925 2654">
     <span class='ocr_line' id='line_1_30' title="bbox 103 2563 925 2654; baseline 0.004 -22"><span class='ocrx_word' id='word_1_207' title='bbox 103 2649 104 2654; x_wconf 20' lang='grc'><strong><em>,</em></strong></span> <span class='ocrx_word' id='word_1_208' title='bbox 165 2597 223 2649; x_wconf 85' lang='grc' dir='ltr'><strong><em>ρον.</em></strong></span> <span class='ocrx_word' id='word_1_209' title='bbox 250 2577 266 2632; x_wconf 86' lang='grc' dir='ltr'><strong><em>ό</em></strong></span> <span class='ocrx_word' id='word_1_210' title='bbox 278 2577 331 2652; x_wconf 85' lang='grc' dir='ltr'><strong><em>χείρ</em></strong></span> <span class='ocrx_word' id='word_1_211' title='bbox 344 2597 423 2652; x_wconf 90' lang='grc' dir='ltr'><strong><em>ουρσς</em></strong></span> <span class='ocrx_word' id='word_1_212' title='bbox 435 2563 467 2648; x_wconf 87' lang='grc' dir='ltr'><strong><em>ήν</em></strong></span> <span class='ocrx_word' id='word_1_213' title='bbox 480 2579 524 2648; x_wconf 80' lang='grc' dir='ltr'><strong><em>τῆς</em></strong></span> <span class='ocrx_word' id='word_1_214' title='bbox 537 2598 564 2632; x_wconf 83' lang='grc' dir='ltr'><strong><em>τε</em></strong></span> <span class='ocrx_word' id='word_1_215' title='bbox 577 2576 738 2649; x_wconf 76' lang='grc' dir='ltr'><strong><em>Μηδικής’</em></strong></span> <span class='ocrx_word' id='word_1_216' title='bbox 720 2582 802 2654; x_wconf 82' lang='grc' dir='ltr'><strong><em>αρχῆς</em></strong></span> <span class='ocrx_word' id='word_1_217' title='bbox 813 2579 860 2635; x_wconf 83' lang='grc' dir='ltr'><strong><em>καί</em></strong></span> <span class='ocrx_word' id='word_1_218' title='bbox 873 2585 925 2652; x_wconf 78' lang='grc' dir='ltr'><strong><em>τῆς</em></strong></span> 
     </span>
    </p>
   </div>
   <div class='ocr_carea' id='block_1_4' title="bbox 0 0 976 2998">
    <p class='ocr_par' dir='ltr' id='par_1_6' title="bbox 0 0 976 2998">
     <span class='ocr_line' id='line_1_31' title="bbox 0 0 976 2998; baseline 0 0"><span class='ocrx_word' id='word_1_219' title='bbox 0 0 976 2998; x_wconf 95' lang='lat' dir='ltr'><strong><em> </em></strong></span> 
     </span>
    </p>
   </div>
  </div>
 </body>
</html>
