2020 3002
182 125 237 182 268
380 163 384 172 ,
444 105 674 161 αποοοοτι

183 259 238 296 ναι.
264 233 294 292 ιιί
304 237 354 312 μέν
367 255 416 292 νυν
427 238 456 291 έκ
469 234 518 290 τοῦ
535 227 655 303 Ἀμάσιος
667 227 771 287 ἐντολαὶ
785 250 884 296 αυται,
913 224 947 285 αλ

184 327 210 387 ές
222 323 270 392 τὴν
282 321 378 392 ταφήν
376 341 410 376 τε
424 318 469 375 καὶ
479 320 526 374 τδν
538 312 714 415 άνθρωπρν”
700 333 817 383 ιχουσαι,
843 308 881 368 οίί
894 333 947 386 μοι

186 401 341 462 δοκέουσι’
323 405 407 478 αρχήν
420 403 567 480 γενέσθαι,
607 394 661 455 ἀλλ’
678 393 760 462 ἄλλως
773 394 843 454 αὔτα
836 395 946 474 Azy&-

184 510 261 546 πτιοι
278 489 399 563 σεμνοῦν.

244 589 289 652 ι.7
325 572 406 628 Μττά
425 569 453 625 δέ
472 569 558 624 ταῦτα
569 589 584 623 ο
575 565 749 638 ’Καμβύσης
761 564 947 639 έβουλείνσατο

185 655 328 732 τριφασίας
341 650 496 730 στρατηίας,
533 651 579 708 έπί
596 672 625 706 τε
637 649 854 724 Καρχηδονιους,
900 650 948 706 καὶ
996 651 997 654 ’

186 745 226 796 ἐπι
219 735 414 844 Ἅμμρινίους,
448 736 494 792 καὶ
512 735 558 791 έπὶ
576 735 639 798 τοὺς
657 735 824 808 μακροβίους
840 731 947 790 Αἰθίο-

186 844 254 889 πας,
288 820 443 896 οἰκημένους
431 821 483 876 δὲ
496 817 626 892 Λιβίης’
614 817 658 873 επὶ
670 818 703 890 τῆ
716 822 789 890 νοτίη
803 818 945 892 θαλάσση.

186 908 367 980 θουλιυομένρι
379 907 406 960 δέ
418 926 445 960 οι
435 903 573 970 έδοξι,’
560 899 603 958 ml
615 903 663 976 μέν
676 901 927 978 Καρχηδονίους
898 923 946 958 τον

187 991 313 1061 ναυτικὸν
326 991 441 1064 στρατὸν
455 985 637 1044 ἀποστέλλειν·
675 984 720 1041 ἐπὶ
734 985 761 1040 δέ
772 981 944 1058 Ἀμμωνίους,

186 1076 235 1130 τοῦ
249 1074 326 1140 πεζοῦ
340 1070 531 1147 ἀποκρίναντα·
555 1069 599 1128 ἐπὶ
612 1069 640 1124 δέ
654 1069 716 1132 τοδς
728 1066 875 1136 Αἰθίοπας,
897 1091 946 1124 κα-

186 1158 285 1219 τόπτας
297 1158 409 1232 πρῶτον,
434 1152 584 1228 ὀψομένους
597 1175 625 1209 τε
637 1153 687 1222 τήν
699 1155 727 1208 έν
738 1151 857 1209 τοίιτσισι
870 1156 942 1208 τοῖοτ

187 1237 307 1312 Αἰθίοψι
328 1240 469 1313 λεγομένην
484 1233 552 1293 εἶναι
569 1234 647 1307 ἡλίου
666 1237 809 1311 τράπεζαν,
850 1233 943 1293 εἶέστι

188 1321 323 1394 άληθίεος,
362 1321 408 1378 καὶ
422 1323 488 1396 πρὸς
500 1321 584 1394 ταύτῃ
602 1321 637 1377 τά
651 1315 718 1377 άλλα
730 1321 944 1394 κατοψομένους·

189 1409 260 1483 δῶρα
275 1407 303 1462 δέ
316 1405 351 1478 τῷ
363 1407 432 1480 λόγῳ
443 1407 572 1480 φέροντας
585 1404 620 1478 τῷ
635 1407 738 1476 βασιλέι·
748 1399 857 1460 αὐτέων.

245 1492 291 1550 18.
325 1487 364 1546 ‘H
372 1489 399 1544 δέ
410 1491 524 1564 τράπεζα
537 1490 585 1549 τοῦ
598 1486 675 1556 ἡλίου
691 1487 780 1558 τοιήδε
789 1508 828 1550 τις
840 1489 944 1562 λέγεται

188 1569 264 1630 εἶναι·
290 1573 385 1644 λειμών
398 1577 454 1628 ἐστι
466 1577 494 1628 έν
507 1571 543 1645 τῷ
554 1573 710 1646 προαστείῳ,
726 1572 847 1636 ἐπίπλεος
860 1575 943 1648 κρεῶν

189 1658 283 1728 ἑφθῶν
295 1657 400 1712 πάντων
413 1658 465 1712 τῶν
477 1653 659 1730 τετραπόδων·
682 1658 708 1718 ές
720 1657 767 1711 τὸν
780 1658 826 1718 τάς
836 1656 886 1729 μέν
897 1656 944 1712 νίν-

189 1761 254 1804 κτας
271 1737 475 1808 ἐπιτηδεύοντας
493 1742 602 1796 τιθέναι
619 1741 653 1796 τά
672 1740 736 1812 κρέα
755 1739 817 1802 τούς
829 1743 857 1795 ἐν
878 1741 944 1795 τέλεῖ

188 1823 316 1885 ἑκάστους
327 1822 420 1884 έδντας
429 1824 478 1878 τῶν
488 1819 582 1890 οἰστῶν,
590 1824 637 1887 τάς
650 1823 678 1878 δὲ
689 1823 786 1898 ἦμέρας
793 1822 943 1880 δαίνυσθαι

189 1905 562 1980 προςιδντατδνβουλδμενον·
575 1907 660 1978 φάναι
669 1905 696 1960 δι’
710 1906 772 1970 τοδς
784 1909 943 1980 ἐπιχωρίους

181 1989 275 2046 ταῦτα
288 1991 337 2060 τὴν
354 1991 404 2064 γῆν
417 1985 499 2061 αῧτὴν
512 1987 670 2046 άναδιδόναι
683 1991 814 2046 ἑκάστοτε.
825 1985 842 2059 ἡ
852 1989 942 2064 μὲνδὴ

190 2057 304 2150 τράπεζα
321 2075 369 2128 τοῦ
384 2069 464 2143 ηλίου
481 2075 624 2146 καλεομένη
640 2076 782 2148 λέχειαι’
759 2067 828 2130 εἶναι
841 2074 941 2143 τοιήδε.

191 2203 195 2208 -
249 2173 293 2238 19
329 2155 468 2232 Καμβύση
487 2155 549 2212 δέ’
531 2179 565 2222 ως
578 2156 649 2221 ε’δοξε
662 2159 773 2227 πέμπειν
783 2157 846 2220 τοὺς
858 2177 941 2212 κατα-

190 2241 320 2310 σκόπους,
361 2236 457 2296 αὐτίκα
468 2241 644 2314 μετεπέμπετο
657 2235 941 2312 έξἘλεφαντίνηςπά-

190 2327 247 2388 λιος
269 2325 321 2379 τῶν
329 2318 516 2397 Ἰχθυοφάγων
538 2319 641 2422 ἀνδρῶν
663 2324 725 2387 τοδς
748 2325 940 2398 ἐπισταμένους

190 2411 236 2479 τήν
248 2404 400 2464 Αἰθιοπίδα
411 2408 542 2480 γλῶσσαν.
568 2410 595 2462 ἐν
608 2429 629 2480 ῳ
615 2393 721 2462 δε
677 2427 789 2472 τουτους
800 2408 938 2479 μετήἲσαν,

188 2495 215 2548 ἐν
228 2491 315 2564 τοίντρι
327 2489 425 2546 έκέλευε
436 2489 481 2544 snt
493 2510 541 2558 την
547 2489 707 2562 Καρχηδόνα
718 2493 804 2547 πλέειν
814 2492 861 2546 τὸν
874 2511 941 2546 ναυ·

190 2576 263 2634 τικδν
275 2575 397 2656 στρατόν.
440 2573 567 2645 ιΦοίνικες
579 2569 653 2650 δέ
620 2593 670 2629 ουκ
687 2573 791 2656 Ιέφοιοαν
814 2574 939 2644 ποιήσειν
