2038 2994
172 129 230 188 ,192
443 119 666 172 ιιεαοοοεε

174 251 225 304 λοι.
251 248 279 302 ἐν
293 240 374 302 δέ
337 265 374 318 τῳ
391 244 603 320 περιβεβλημένῳ
620 246 705 318 τούτῳ
718 246 781 314 νηός
797 265 824 300 τε
838 244 875 300 ένι
889 247 934 302 καί
1008 249 1009 274 ³

174 311 309 404 ἄγαλμα
295 349 324 385 εν
337 325 408 402 αὐτην
396 331 540 398 ἐνέστηκε
553 330 678 403 Περσέος.
698 315 777 384 οὗτοι
790 329 819 384 οἱ
832 333 935 403 Χεμμῖ-

174 436 220 476 ται
233 416 351 488 λέγουσι,
377 385 425 470 τίλν
444 415 552 488 Περσέα
565 413 722 469 πολλάκι
691 435 740 487 μεν
752 409 805 469 ὐνοί
819 415 867 483 την
883 418 935 488 χῆν

174 498 327 572 φαίνεσθαί
339 518 399 569 σφι,
412 499 527 554 πολλάκι
540 495 596 553 de*
581 516 631 553 εστι
643 498 692 553 τοῦ
707 496 776 574 ἱροῦ·
790 498 936 554 σανδάλιόν

175 605 202 640 τε
216 579 301 640 αὐτοῦ
315 585 501 654 πεφορημένον
515 581 698 654 εὑρίσκεσθαι,
712 585 757 638 ε’ὁν
769 583 800 636 τὸ
812 584 937 657 μέγαθος

176 667 285 738 δίπηχυ·
304 667 336 722 τὸ
355 668 435 722 ἐπεάν
452 665 540 740 φανῇ,
564 661 704 736 εὐθηνέειν
721 661 833 722 άπασαν
850 670 936 742 Λίχα-

174 772 250 810 πτον.
263 752 347 808 ταῦτα
359 749 407 824 μέν
417 751 534 825 -λέχονσι,
555 753 663 807 ποιεῦσι
678 751 706 806 δέ
720 749 783 806 τάδε
793 745 935 820 Ἑλληνικά

176 836 212 908 τῷ
225 835 334 914 Περσεῖ·
348 832 439 910 άμῶνα
451 836 582 910 γυμνικὸν
592 836 694 892 τιθεῖσι
707 834 753 890 διά
766 835 854 905 πάσης
865 832 935 911 οἶμαι·

175 922 234 990 νέης
246 921 349 989 έχοντα,
377 921 534 994 παρέχοντες
552 914 640 975 άεθλσι
659 920 755 988 κτήνεα
769 918 814 975 καί
825 921 937 989 χλαίνας

175 1004 224 1059 καὶ
237 1004 362 1078 δέρματα.
387 1001 525 1078 είρομένοα
539 1002 569 1060 δέ
579 1023 644 1077 μεν,
671 999 724 1068 ὅ,τι
742 1023 793 1076 σφι
809 1000 937 1076 μοίινοισι

176 1089 245 1143 ἔωθε
258 1088 274 1142 ὁ
287 1089 406 1164 Περσεὺς
418 1090 622 1159 ἐπιφαίνεσθαι,
637 1087 683 1144 καί
695 1083 748 1154 ὅ,τι
760 1087 936 1161 κεχωρίδαται

176 1169 330 1244 Αἰγυπτίαν
352 1173 404 1227 τῶν
427 1167 513 1228 ἄλλων
538 1169 630 1246 άχῶνα
653 1172 783 1245 χυμνικὸν
807 1175 935 1239 τιθέντες,

176 1255 295 1325 ἔφασαν,
322 1256 369 1311 τὸν
382 1257 489 1330 Περσέα
502 1258 530 1311 έκ
548 1259 595 1324 τῆς
611 1259 714 1313 ἑαυτῶν
726 1257 820 1320 πάλισς
831 1258 937 1331 μεμονέ-

177 1361 230 1396 ναι·
256 1341 303 1396 τὸν
314 1341 368 1414 χείρ
380 1339 491 1396 Δαναὸν
503 1337 550 1396 καὶ
564 1339 612 1396 τάν
624 1341 741 1415 Λυγκέα,
759 1341 853 1404 έάντας
865 1349 938 1414 Χεμ-

177 1418 268 1497 μίτας,
282 1426 414 1481 ἐκπλῶσαι
426 1427 451 1488 ές
464 1423 511 1494 την
520 1421 644 1480 Ἑλλάδα.
669 1421 725 1480 ἀπὸ
739 1423 767 1479 ὐέ
780 1422 882 1481 τούτων
893 1445 938 1500 χε-

177 1512 358 1583 νεηλοχέσντες
370 1510 531 1582 κατέβαινον
543 1511 569 1572 ές
580 1510 628 1566 τὸν
641 1509 758 1586 Περσέα.
772 1505 938 1580 ἀπικόμενον

170 1593 207 1656 ,δέ
220 1589 306 1648 αὐτὸν
319 1595 344 1657 ἐς
355 1595 495 1667 Αλχαιττον
508 1588 564 1650 κατ’
580 1589 674 1662 αἰτίην,
701 1593 751 1662 τὴν
763 1587 938 1664 καίἝλληνες

178 1679 293 1750 λέγουσι,
320 1677 431 1732 οἴσοντα
448 1680 478 1731 ἐκ
490 1676 595 1750 Λιβύης
607 1677 655 1746 ,τὴν
668 1677 793 1750 Γοργοῦς
808 1679 935 1749 κεφαλήν,

178 1759 283 1828 ἔφασαν
296 1757 386 1814 ἐλθεῖν
398 1759 444 1816 καί
461 1762 536 1834 παρά
553 1763 635 1833 σφέας
648 1760 695 1816 καί
709 1759 862 1836 άναχνῶναι
874 1761 939 1826 τούς

179 1846 321 1917 σαχχενέας
330 1843 446 1909 πάντας·
466 1847 674 1920 ἐκμεμαθηκότα
688 1845 716 1901 δέ
724 1865 772 1918 μιν
786 1841 940 1902 άπικέσθαι

178 1933 205 1995 ές
216 1929 354 2001 Αιγυπτον
359 1969 368 1996 ,
394 1929 426 1984 τό
449 1930 495 1998 τῆς
507 1929 634 2002 Χέμμιος
644 1924 749 2002 οὐνομα
769 1931 940 2003 πεπασμένον

178 2012 254 2085 παρά
266 2017 314 2084 τῆς
323 2013 432 2090 μητρός
451 2009 543 2086 ὐχῶνα
557 2013 587 2072 δέ
598 2035 626 2070 οι
616 2011 782 2106 χνμνικόν,
796 2007 881 2107 αὐτοῦ
895 2035 939 2070 ιιι-

145 2094 155 2119 '
136 2095 334 2165 λείισαντος,
352 2098 498 2154 ἐπιτελέειν.

199 2195 283 2284 92.
312 2182 406 2237 Ταντα
422 2180 472 2257 μέν
483 2181 573 2238 πάντα
589 2201 617 2236 οι
606 2177 830 2285 ’κριτύπερθε
795 2201 848 2236 των
859 2184 937 2237 ἑλέειν

123 2303 129 2311 -
179 2261 307 2330 οἰκέοντες
316 2260 462 2368 Αίχίιπτιοι
471 2267 617 2340 νομίζουσι.
631 2286 659 2320 οι
649 2264 700 2322 ’δέ
713 2265 746 2335 δη
758 2270 788 2322 ἐν
800 2268 871 2322 τοῖσι
884 2263 936 2320 ἕλε·

179 2369 205 2406 σι
220 2352 459 2453 κατοικημένοιι
417 2353 460 2405 νοῒ
461 2371 487 2406 σι
499 2351 547 2424 μέν
560 2344 668 2406 αὐτοισι
678 2351 786 2422 νόμοισι
794 2351 934 2454 χρέωνται,

178 2435 249 2488 τοῖσι
261 2432 307 2490 καί
320 2453 348 2488 οι
338 2427 436 2488 ’ἄλλοι
446 2431 592 2508 Αίχίιπτιοι
603 2455 650 2490 και
640 2429 754 2500 τάλλα,
768 2433 814 2488 καί
825 2433 936 2506 χαναικὶ

175 2517 224 2590 μιῇ
248 2515 357 2590 ἕκαστος
376 2511 477 2572 αὐτέων
495 2519 624 2574 συνοικέει
630 2559 639 2584 ,
663 2519 783 2594 κατάπερ
802 2512 934 2586 Ἕλληνες.

177 2599 247 2679 αὐτάρ
260 2603 326 2679 πρὸς
338 2596 467 2670 εὐτελείην
480 2602 531 2656 τῶν
544 2602 635 2658 σιτίων
647 2601 710 2656 τάδε
724 2622 774 2671 σφι
786 2595 852 2656 ίίλλα
865 2601 934 2664 έξεύ·
