2020 3002
238 83 309 135 LIB.
325 83 373 135 ΠΙ.
409 79 494 134 CAP.
514 83 662 141 126—128·
771 89 826 150 337

79 208 207 282 ,,Πέρσας
225 203 309 274 οδδέν,
329 209 399 262 κααιί
410 207 437 263 δέ
450 197 551 280 μεγαλα
564 204 651 280 ἔοργε·
677 205 755 263 τοῦτο
766 209 822 280 μέν,

79 291 148 357 »δίο
161 287 247 362 ἡμέων
259 289 376 361 ἠίστωσε,
397 286 571 364 Μιτροβάτεά
585 311 611 344 τε
624 289 727 346 καὶτὸν
740 291 824 346 παῖδα

78 370 197 441 ,αὐτοῦ’
223 377 304 430 τοῦτο
319 374 353 440 δέ,
374 377 435 438 τοὺς
447 371 639 436 ἀνακαλέοντας
657 370 751 440 αὐτὸν,
779 373 825 429 καί

77 459 278 531 ,,πεμπομένους
293 454 336 513 ὑπ’
351 459 420 531 ἐμεῖν,
435 456 539 523 κτείνει,
559 451 640 531 ὓβριν
653 452 701 511 οὖν
715 454 825 527 άναυγε-

78 542 143 606 ,τὸν
161 543 272 612 φαίνων.
298 541 361 616 πρίν
378 561 404 596 τι
422 525 457 596 δν
475 543 551 613 μέζον
569 541 765 614 ἐξεργάσασθαί
776 561 824 612 μιν

78 626 205 698 ,Πέρσας
218 626 309 690 κακὸν,
330 627 530 693 καταλαμπτέος
542 622 598 678 ἐστὶ
610 619 672 695 ἡμῖν
685 625 824 696 θανάτῳ.“

134 713 200 778 128.
214 711 326 780 Δαρεῖος
337 708 384 779 μέν
396 709 482 763 ταῦτα
492 706 627 778 ἐπειρώτα.
642 707 676 779 τῷ
691 707 718 762 δέ
733 702 824 780 άνδρες

76 789 217 864 τριήκοντα
231 789 388 856 ὑπέστησαν,
402 785 482 855 αὖτίς
493 786 602 855 ἕκαστος
613 793 712 845 έθέλων
726 792 822 852 ποιέειν

75 875 168 926 ταῦτα.
195 874 325 948 ἐρίζοντας
339 873 366 929 δέ
378 876 491 948 Δαρεῖος
503 869 695 946 κατελάμβανε,
714 873 822 928 τελείων

73 951 235 1010 πάλλεσθαι·
248 957 416 1027 παλλομένων
430 955 465 1023 δέ,
477 953 598 1030 λαγχάνει
611 960 638 1011 έκ
652 953 756 1010 πάντων
764 963 820 1012 Βα·
898 947 899 952 ’

73 1041 151 1111 γαίας
164 1035 332 1114 ὁίίρτόντεω.
344 1039 429 1108 λαγὼν
442 1039 470 1094 δέ
483 1039 498 1095 ὁ
512 1042 638 1112 Βαγαῖος,
653 1042 736 1094 ποιέει
748 1035 821 1094 τοιά-

75 1120 117 1174 δε·
129 1123 220 1194 βιβλία
231 1119 402 1196 γραψάμενος
414 1125 507 1187 πολλά,
521 1121 564 1176 καί
577 1122 821 1195 περίπολλῶνέγον·

73 1225 108 1258 τα
123 1202 290 1278 πρηγμάτων,
305 1203 440 1280 σφρηγῖδά
454 1227 503 1276 σφι
515 1208 624 1278 ἐπέβαλε
636 1207 683 1275 τὴν
695 1207 818 1278 Δαρείου·

71 1291 139 1360 μετά
154 1286 194 1353 δέ,
208 1284 247 1356 ἤίε
261 1288 323 1358 &mr
334 1292 417 1344 ταῦτα
430 1294 456 1353 ές
471 1291 517 1351 τάς
528 1285 636 1362 Σάρδις.
662 1287 821 1360 ἀπικόμενος

73 1370 110 1436 δὲ,
125 1370 170 1426 καί
179 1373 307 1446 Ὀροίτεω
320 1371 423 1446 λς’ὄψιν
433 1373 527 1437 ἐλθὼν,
535 1373 586 1426 τῶν
597 1371 709 1443 βιβλίων
722 1371 749 1426 έν
761 1370 819 1427 έκα-

71 1474 136 1510 στον
160 1457 383 1530 περιαιρεόμενος,
410 1454 499 1510 ἐδίδου
523 1455 559 1527 τῷ
581 1451 766 1528 γραμματιστῇ
784 1457 819 1529 τῷ

70 1537 201 1611 βασιληίῳ
213 1542 391 1614 ἐπιλέγεσθαι·
407 1539 609 1613 γραμματιστὰς
625 1537 653 1591 δέ
665 1537 820 1608 βασιληίους

71 1619 100 1676 oi
112 1621 208 1686 πάντες
220 1615 337 1698 ὕπαρχοι
352 1622 454 1690 έχουσι·
480 1617 704 1694 άποπειρεέιμενος
723 1620 750 1675 δέ
768 1625 818 1676 τῶν

71 1704 236 1778 δορυφόρων,
251 1707 342 1760 ἐδίδου
355 1707 388 1759 τιί
400 1705 492 1776 βιβλία
505 1704 521 1758 ὁ
533 1708 660 1778 Βαγαῖος,
674 1702 696 1758 εί
708 1705 817 1769 ἐνδεξαί-

70 1807 121 1842 ατο
136 1785 286 1844 ιίπέστασιν
298 1786 353 1844 άπὸ
364 1783 492 1861 Ὀροίτεω.
517 1787 597 1860 ὁρέων
612 1787 640 1844 δέ
653 1809 734 1859 σφεας
746 1790 779 1843 τά
792 1809 818 1844 τε

69 1871 164 1941 βιβλία
178 1873 336 1944 σεβομένους
347 1872 473 1945 μεγάλως,
488 1869 532 1924 καί
545 1873 578 1925 τά
590 1873 717 1945 λεγόμενα
728 1874 756 1926 ἐκ
769 1874 818 1926 τῶν

67 1954 181 2024 βιβλίων
194 1953 232 2008 ἔτι
242 1957 365 2027 μεζόνως,
393 1953 463 2008 διδοῖ
480 1949 557 2020 ἄλλο,
584 1957 612 2009 έν
630 1953 666 2027 τῷ
683 1957 743 2024 ένῆν
755 1953 818 2010 ἔπεα

66 2035 144 2101 τάδε,
171 2026 220 2102 „³st
245 2041 363 2112 Πέρσαι,
388 2037 511 2108 βασιλεὺς
529 2040 640 2111 Δαρεῖος
658 2035 817 2110 άπαγορεί·ει

63 2118 153 2191 ,,ὒμῖν
165 2121 201 2190 μή
216 2120 386 2196 δορυφορέειν
403 2115 550 2192 ’οροίτεα.“
578 2119 610 2174 Οί
630 2119 665 2184 δέ,
685 2118 818 2175 άιεοίσαν-

63 2223 108 2266 τες
121 2202 231 2269 τούτων,
252 2207 367 2276 μετῆκάν
381 2202 407 2257 οῖ
420 2205 467 2267 τάς
486 2200 589 2272 αίγμάς.
617 2199 679 2258 ίδὼν
693 2202 721 2256 δὲ
733 2203 817 2274 τούτῳ

63 2287 152 2355 σφέας
165 2287 181 2342 0‘
194 2289 314 2361 Βαγαῖος
327 2289 503 2356 πειθομένους
515 2286 550 2357 τῷ
562 2286 668 2358 βιβλίῳ,
696 2287 817 2341 ἐνθαῦτα

62 2370 99 2438 δὴ
113 2371 268 2443 θαρσήσας,
293 2373 485 2425 τὸτελευταῖον
502 2372 552 2424 τῶν
570 2370 681 2440 βιβλίων
700 2369 771 2423 διδοῖ
783 2365 817 2440 τρῖ

61 2453 264 2530 γραμματιστῇ,
279 2456 307 2507 ἐν
320 2453 355 2526 τῷ
368 2455 522 2526 ἐγέγραπτο,
544 2453 693 2517 ,Βασιλεὺς
705 2455 817 2524 Δαρεῖος

69 2537 208 2609 ,Πέρσῃσι
219 2541 290 2592 τοῖσι
301 2541 329 2592 έν
336 2537 448 2612 Σάρδισι
460 2537 600 2592 ἐντέλλεται
613 2537 720 2590 κτείνειν
730 2531 814 2609 Ὀροέ·

98 2635 208 2704 Ηειοα.
221 2635 251 2685 Τ.
264 2635 286 2684 Ι.
586 2631 606 2680 Y
