2022 3006
169 151 205 210 96
426 133 667 194 Ησασοοτι

169 291 220 328 σαν
233 268 279 326 καί
291 265 445 344 παρέδοσαν
458 265 518 342 τῇσι
525 265 689 343 θυγατράσι,
709 265 746 340 μή
761 287 821 322 κοτε
834 265 924 341 ύμοσι·

169 357 249 424 τῆσαι
262 356 332 410 τοῖσι
346 349 467 428 άνόράσε,
481 351 548 424 μηόέ
562 346 693 424 οὐνόματι
701 353 790 426 βῶσαι
803 352 849 407 τόν
862 357 927 408 ἑωυ·

169 443 214 506 τῆς
226 433 326 514 ἄνδρα,
339 436 419 493 τούόε
431 434 531 503 εἵνεκα,
547 433 589 492 ὅτι
601 437 750 508 ἐφόνευσαν
764 431 852 508 σφέων
864 437 930 500 τούς

167 525 284 598 πατέρας
296 519 341 577 καί
353 516 454 594 ἄνδρας
467 519 512 576 καί
524 519 638 588 παῖόας,
660 518 707 576 καὶ
724 518 824 575 ἔπειτεν
840 523 931 576 ταῦτα

167 607 327 674 ποιήσαντες
341 599 440 680 αύτῇσι
453 604 603 662 συνοίκεον.
634 605 721 660 ταῦτα
735 601 764 660 δέ
777 589 810 674 ἦν
823 607 930 679 γινόμε-

168 713 203 749 να
214 694 243 747 ἐν
254 690 377 764 Μιλήτῳ.

225 775 292 855 147.
313 775 447 838 Βασιλέως
460 772 489 830 δέ
501 770 659 842 έστὴσαντο,
674 768 702 828 οἶ
711 771 760 848 μὲν
772 767 860 828 αὐτῶν
868 777 932 828 Λυ-

168 857 258 924 κίους,
278 855 333 915 άπὸ
347 857 474 916 Γλαύκου
487 859 538 914 τού
548 853 710 927 Ἱππολόχου
721 859 881 932 γεγονότας
901 856 931 914 οἶ

169 943 197 1000 δέ
210 941 360 1007 Καύκωνας
372 942 501 1011 Πυλίους,
516 939 570 998 άπό
579 942 692 1018 Κόόρου
705 934 927 1000 τούΜελάνθου·

169 1025 196 1084 οἶ
209 1026 237 1082 όεῖ
250 1024 297 1082 καί
309 1027 536 1101 συναμφοτέρους.
556 1022 624 1083 άλλά
636 1026 689 1102 γάρ
701 1027 867 1100 περιέχονται
878 1027 931 1080 τού

169 1105 318 1182 ούνόματος
329 1110 429 1181 μᾶλλόν
442 1130 468 1165 τι
485 1111 536 1165 τῶν
547 1105 633 1167 τίλλων
643 1105 745 1166 Ἰώνων.
768 1109 886 1166 ἔστωσαν
900 1107 931 1164 δι’

167 1193 216 1250 καί
233 1191 260 1249 οἱ
277 1194 404 1269 καθαρῶς
423 1195 560 1268 γεγονότες
573 1190 671 1260 ΙἸωνες·
710 1189 762 1250 είσλ
786 1193 813 1249 όὲ
832 1193 931 1256 πάντες

165 1274 261 1344 Ἴωνες,
289 1273 349 1335 ὅσοι
367 1273 414 1334 ἄπ’
426 1273 543 1346 Ἀθηνῶν
559 1280 688 1352 γεγόνασι
704 1276 752 1334 καί
766 1272 932 1354 Ἀπατούρια

169 1358 269 1438 ἄγουσι
282 1361 371 1438 ὁρτήν.
399 1358 497 1464 άγουσι
511 1361 540 1418 όέ
552 1363 648 1429 πάντες
661 1362 730 1432 πλὴν
740 1356 869 1434 Ἐφεσίων
882 1362 932 1419 καί

169 1447 375 1520 Κολοφωνίων·Ι
389 1465 466 1504 ουτοι
481 1447 535 1523 γάρ
546 1441 748 1520 μούνοιἸιύνων
767 1442 814 1502 ούκ
827 1442 932 1520 ἄγουσι

168 1529 341 1607 Ἀπατούρια·
353 1531 401 1588 καὶ
413 1519 490 1588 ούτοι
502 1533 572 1587 κατά
585 1533 673 1606 φόνου
685 1531 744 1587 τινά
755 1534 863 1604 σκῆψιν.

228 1615 294 1673 148.
312 1616 349 1670 Τό
365 1614 393 1670 όέ
406 1616 560 1672 Πανιώνιόν
573 1619 631 1672 ἐστι
642 1618 688 1686 τῆς
700 1617 833 1684 Μυκάλης
841 1615 930 1690 χῶρος

170 1697 233 1772 ίρός,
248 1699 316 1773 πρός
326 1693 426 1774 άρκτόν
436 1701 619 1772 τετραμμένος,
634 1699 714 1775 κοινῇ
726 1702 929 1775 ἐξαραιρημένος

170 1781 224 1839 ύπό
241 1777 335 1838 Ἰάνων
354 1782 518 1839 Ποσειόέωνι
534 1781 684 1859 Ἑλικωνίῳ.
722 1779 738 1853 τ’,
759 1783 788 1839 δὲ
807 1785 931 1852 Μυκάλη

169 1865 225 1922 ἐστὶ
242 1869 288 1936 τῆς
300 1862 413 1942 ἠπείρου
426 1861 508 1944 άκρη,
531 1869 599 1942 πρὸς
611 1871 724 1946 ζέφυρον
736 1864 834 1938 ἄνεμον
847 1869 932 1936 κατὴ-

169 1970 257 2006 κοοσα
271 1952 364 2025 Σάμῳ.
398 1954 424 2016 ές
437 1952 485 2022 τὴν
498 1953 684 2026 συλλεγόμενοι
696 1949 750 2009 άπὸ
764 1955 814 2007 τῶν
826 1955 931 2009 πολίων

165 2030 251 2098 Ἴωνες
263 2029 378 2108 άγεσκον
390 2033 488 2109 όρτήν,
504 2035 536 2109 τῇ
549 2035 643 2093 ἔθεντο
657 2031 762 2111 οὔνομα
775 2037 930 2094 Πανιώνια.

169 2120 326 2176 πεπόνθασι
345 2119 373 2175 όί
391 2116 451 2175 ούτι
467 2121 569 2193 μούναν
587 2120 617 2177 αἶ
632 2115 726 2176 Ἰάινων
743 2117 820 2196 ὁρταὶ
834 2123 929 2183 τούτο,

170 2199 237 2258 άλλά
256 2199 440 2272 καίἙλλὴνων
460 2205 567 2260 πάντων
580 2205 678 2278 ὁμοίως
696 2205 782 2261 πᾶσαι
799 2208 826 2268 ἐς
842 2200 931 2261 τωύτό

169 2289 280 2362 γράμμα
293 2289 455 2354 τελευτῶσαι,
470 2290 587 2363 κατάπερ
601 2291 651 2344 τῶν
663 2291 789 2364 Περσέων
801 2288 836 2344 τά
849 2283 929 2344 ούνό-

169 2391 248 2440 ματα.
268 2358 351 2429 αύται
362 2372 411 2444 μέν
424 2370 453 2428 αἱ
461 2367 543 2436 Ἰάόες
555 2373 643 2436 πόλιές
656 2375 716 2429 είσι.

226 2453 293 2536 149.
314 2455 380 2513 Αίόε
399 2454 427 2511 ds?
445 2453 473 2510 αἱ
485 2452 619 2523 Αἰολίδες,
639 2455 735 2530 Κύμη,
755 2450 772 2524 ἡ
796 2454 930 2532 Φρικωνὶς

168 2542 325 2615 καλεομένη,
339 2541 489 2616 Ληρεσσαι,
506 2542 577 2596 Νέον
588 2545 680 2613 τεῖχος,
700 2543 811 2613 Τῆμνος,
826 2540 927 2610 Κίλλα,

170 2625 282 2694 Νότιον,
303 2621 476 2701 Αἰγιρόεσσα,
498 2625 619 2695 Πιτάνη,
650 2627 778 2699 Αίγαῖαι,
801 2623 926 2700 Μύρινα,
