2038 2994
294 108 369 160 mn.
381 109 416 161 11.
438 108 525 164 σεε.
536 111 654 182 ιε-ιη.
798 121 851 202 ιιι

106 235 206 312 ρεσθαι
219 232 266 289 τόν
274 235 369 306 χοῖρον
386 226 458 306 αύτῷ
475 231 512 307 τῷ
528 229 685 308 ἀποδομένῳ
700 238 752 292 τῶν
769 239 857 310 συβω-

105 319 177 374 τέων.
198 317 247 386 τήν
266 315 294 372 66
309 314 392 386 άλλην
406 313 539 391 άνάγσυσι
552 317 633 392 ὁρτήν
645 319 681 392 τῷ
693 319 816 393 Διονύσῳ
829 319 856 378 οἶ

106 401 249 476 Αἰγύπτιοι
262 400 330 470 πλην
344 402 433 473 χορῶν
451 401 519 456 ιιατά
536 395 622 457 ταύτά
647 401 741 471 σχεδόν
764 405 855 460 πάντα

102 477 221 555 Ἕλλησι·
240 480 299 539 άντλ
312 483 340 539 δὲ
359 484 467 556 φαλλῶν
485 478 551 540 άλλα
564 484 614 556 σφλ
630 488 687 540 ἐστι
698 487 855 589 ἐξευρημένα

106 564 171 628 ὅσον
182 587 210 622 τε
221 570 340 636 πηχυαῖα
352 564 496 669 ρἰγάλματα
511 569 709 643 νευρόσπαστα,
736 572 770 626 τά
782 591 856 645 περι-

106 653 235 750 φρρόουσι
247 653 316 708 κατά
329 649 418 724 ιιάιμας
433 654 569 726 γυναῖκες,
596 653 674 708 νεύον
690 656 720 710 τό
740 651 852 723 αἰδοῖον,

105 756 138 792 ου
129 725 277 808 πολλῷ’
249 754 297 808 περι
309 732 422 791 ἔλασσον
434 736 478 790 ἐόν
490 736 539 790 τού
553 729 680 791 άλλσυ’
647 757 775 809 σωματος.
789 758 856 813 προ-

102 821 206 893 ηγέεται
219 789 247 873 66
260 814 348 882 αὐλός·
374 840 404 874 αι
394 814 473 874 66⁰
458 838 569 874 επονται
581 815 720 876 άεόύουσαι
732 824 778 877 τόν
788 823 855 882 Διό-

102 922 193 960 νυσον.
227 900 295 958 ύιότι
308 901 338 957 66
349 903 427 976 με’ζον
444 921 472 957 τε
485 899 536 970 ἔχει
548 903 579 957 τύ
597 900 759 960 αἳόοῖον
713 926 759 960 ναι
777 906 855 960 κινέει

101 989 204 1062 μοῦνον
221 986 269 1042 τού
288 984 422 1059 σώματος,
448 983 504 1041 ἔστι
519 986 674 1062 λόγος’περὶ
695 983 779 1044 αὐτού
797 986 854 1065 ἱρός

101 1073 244 1145 λεγόμενος.

155 1155 205 1230 49.
219 1137 321 1222 π”Ηύη
302 1171 338 1206 ων
351 1151 435 1209 όονέει
445 1172 494 1228 μοι
505 1152 675 1225 Μελάμπους
693 1154 710 1211 6
721 1150 854 1227 Ἀμυθέω-

101 1257 147 1302 νος
158 1240 203 1306 τῆς
214 1239 314 1305 θυσίης
323 1235 421 1307 ταύτης
433 1232 481 1292 ούιι
494 1230 563 1294 εἶναι
574 1233 672 1306 άόαὴς,
699 1233 782 1296 &w
766 1259 853 1311 εμπει·

101 1341 155 1400 ρος.
179 1315 287 1391 Ἕλλησι
301 1321 353 1395 γάρ
372 1319 405 1390 66
418 1321 585 1393 Μελάμπους
597 1320 653 1377 ἐστι
666 1321 681 1376 6
696 1324 854 1396 ἐξηγησάμε-

100 1424 146 1468 νος
157 1405 206 1459 τού
224 1403 362 1460 Διονύσου
379 1405 422 1470 τό,
448 1425 476 1459 τε
494 1399 599 1475 ούνομα
616 1403 662 1460 καὶ
679 1407 727 1473 τήν
742 1405 851 1508 όρσλην,

101 1487 148 1544 καὶ
160 1487 208 1555 τὴν
219 1488 331 1560 πομπήν
340 1507 390 1542 του
374 1489 518 1559 φαλλοῦ·
542 1484 668 1590 άτρενέως
679 1488 726 1560 μὲν
740 1482 773 1542 ού
787 1489 855 1544 πάν·

101 1591 136 1626 τα
149 1571 287 1643 συλλαβὼν
300 1569 471 1644 τὸνλόγον
455 1589 548 1644 εφηνε,
567 1566 623 1626 άλλ
637 1590 664 1625 σι
655 1569 854 1672 ἐπιγενόμενοι

101 1652 189 1727 τούτῳ
200 1674 327 1725 σοφισται
317 1651 456 1725 μεζόνως
468 1654 609 1728 ἐξέφηναν·
634 1657 682 1711 τόν
696 1642 756 1708 6’
737 1675 772 1711 οιν
786 1658 855 1727 φαλ-

101 1738 148 1794 λόν
160 1709 206 1793 τόν
224 1736 261 1811 τῷ
276 1737 399 1811 Διονύσῳ
420 1739 590 1841 πεμπόμενον
607 1718 774 1812 Μελάμπους
797 1737 854 1795 ἐστὶ

100 1821 118 1886 6
131 1823 360 1896 κατηγησάμενος·
384 1841 430 1876 ιιαι
420 1818 495 1877 ἅπό
506 1820 603 1877 τούτου
615 1823 751 1893 μαθόντες
761 1821 854 1877 ποιεύ-

99 1924 128 1961 σι
142 1906 175 1972 τά
185 1906 306 1961 ποιεύσιν
317 1900 445 1974 Ἕλληνες.
470 1901 521 1978 ἐγὼ
538 1905 586 1978 μέν
598 1903 647 1961 νύν
660 1926 730 1978 φημι
741 1907 853 1978 Μελάμ-

100 1987 184 2054 ποδα,
209 1989 351 2063 γενόμενον
364 1983 449 2063 άνόρα
462 1985 564 2060 σοφὸν,
587 1989 715 2061 μαντικήν
727 2009 755 2043 τε
767 1986 854 2064 ἑωυτῷ

100 2075 232 2142 συστῆσαι
256 2070 301 2128 ναὶ
322 2073 481 2144 πυθόμενον
505 2065 551 2127 ἀπ’
573 2067 714 2144 Αἰγύπτου
739 2067 806 2128 ἄλλα
825 2090 853 2129 τε

99 2157 188 2212 πολλοὶ
199 2156 383 2229 ἐςηγὴσασθαι
391 2149 497 2224 Ἕλλησι
513 2150 559 2209 aaz
572 2155 606 2208 τά
623 2153 684 2229 περὶ
696 2152 743 2210 τὸν
755 2158 854 2212 Διόνυ·

100 2259 158 2305 σον,
174 2234 299 2312 ὄλύγα
264 2241 351 2294 αυτῶν
363 2238 573 2312 παραλλάξαντα.
595 2231 629 2292 ού
640 2238 693 2313 γάρ
709 2237 740 2308 ύη
753 2258 855 2314 mmm

98 2323 169 2378 σε’τιν
181 2342 211 2427 γε
224 2323 301 2393 φήσω
314 2323 348 2376 τά
362 2341 389 2376 τε
406 2324 435 2376 ἐν
446 2317 573 2394 Αἰγύπτιε
590 2319 777 2427 ποιεύμενα
748 2343 783 2376 τοι
773 2319 853 2394 ’θεῷ

95 2405 144 2461 ναι
156 2408 190 2462 τά
206 2408 235 2460 ἐν
248 2408 320 2502 τοῖρι
326 2400 448 2474 Ἕλλησι·
473 2404 612 2478 ὁμότροπα
624 2408 676 2481 γάρ
688 2401 722 2462 άν
734 2425 765 2472 ην
779 2407 850 2460 τοῖσι

91 2480 199 2558 Ἐλλησι
210 2487 258 2545 καὶ
271 2483 303 2544 ού
315 2487 406 2543 νεωστὶ
418 2489 553 2561 ι’ςαγμόνα.
576 2482 610 2544 ού
620 2487 674 2561 μην
687 2484 750 2545 οὐδὲ
763 2488 846 2559 φησει,

95 2568 164 2639 ὄνοις
175 2571 322 2649 Αἰγύπτιοι
339 2566 400 2650 παρ’
416 2567 545 2641 Ἑλλήνων
564 2569 691 2644 ἔλαβονη
711 2571 804 2637 τούτο,
830 2566 849 2632 6
