1944 2998
193 173 228 230 10
461 158 682 213 ποεοοοττ

192 305 287 350 οαντος
296 282 403 358 μνδμην
414 278 567 356 ποιήσομαι»
586 271 664 348 οίιτος
678 282 704 338 δέ
719 280 852 357 Πριηνέας
862 305 888 340 τε
903 281 932 346 εί·

191 375 243 437 λεν,
267 374 292 434 ἐς
305 367 431 440 Μίλητόν
449 388 476 423 τι
488 371 613 440 έςέβαλεν.
638 365 681 422 ἐντί
694 367 791 424 τούτου
803 389 831 423 τε
843 390 933 442 τοραν·

191 453 314 517 νεύοντος
327 451 451 526 Σαρδίων
463 452 608 525 Κιμμέριοι
624 448 752 520 ίξῆθίων
767 450 818 508 {ma
833 455 933 508 Σκυθέ-

191 559 228 593 ων
252 539 303 592 τῶν
328 536 463 608 Νομάδων
486 535 673 599 ἐξαναστάντες
694 531 821 590 άπικέατο
842 539 867 600 ἐς
888 537 933 612 την

188 615 282 691 Ἀσίην,
302 617 347 675 καί
358 619 459 693 Σάρδις
471 620 539 687 πλὴν
552 621 597 687 τῆς
608 615 766 693 άκροπδλιος
778 611 854 674 εἷλον..

250 699 295 776 16.
316 698 423 778 Ιίλρδυος
436 702 464 758 δέ
481 698 685 773 βασιλεδσαντος
701 703 759 765 ίνδς
772 700 865 760 δέοντα
876 722 934 757 πεν-

190 787 305 857 τήκοντα
317 785 374 842 ίτεα
381 827 389 853 ,
412 787 539 850 ἐξεδέξατο
552 785 709 855 Σαδυάττης
721 785 738 840 δ
750 780 867 857 Ἄρδυος,
890 782 934 840 καί

190 872 360 944 ἐβασίλευσεν
371 869 430 925 έτεα
444 869 572 926 δυώδεκα·
585 869 743 924 Σαδυάττεω
756 869 783 924 δὲ
792 865 931 938 Ἀλυάττης.

191 942 271 1018 οὗτος
290 953 318 1009 δέ
329 955 459 1028 Κυαξάρῃ
478 973 506 1008 τε
525 952 560 1026 τῷ
576 954 695 1021 Δηιόκεω
712 949 838 1026 άπογδυιρ
848 953 935 1010 ἐπολέ-

163 1027 167 1035 ’
190 1057 264 1107 ιεησε,
278 1033 324 1091 καί
337 1035 467 1104 Μίηδοισι·
480 1037 644 1111 Κιμμερίους
654 1055 682 1090 τε
694 1038 723 1090 ἐκ
736 1038 781 1106 τῆς
790 1031 874 1106 Ἀσίης
883 1037 934 1105 ἔξη-

190 1125 263 1178 λαοε·
277 1117 404 1192 Σμύρνην
414 1139 440 1174 τε
446 1119 494 1187 τὴν
499 1117 554 1174 άπδ
559 1121 721 1191 Κολοφῶνος
733 1123 889 1182 κτισθεῖσαν
901 1114 935 1174 εί·

191 1207 243 1269 λεν,
256 1207 282 1267 ίς
293 1202 463 1274 Κλαζομενάς
473 1221 501 1257 τε
513 1202 636 1274 ἐςὲβαλεν.
650 1200 705 1258 άπδ
717 1204 766 1274 μέν
778 1223 826 1258 νυν
838 1203 935 1260 τούτων

192 1281 242 1342 οὐκ
252 1285 286 1350 ὧς
297 1280 392 1354 ἤθελεν
405 1283 564 1355 άπὴλλαξεν,
590 1283 658 1340 άλλά
670 1289 848 1360 προςπταίοας
857 1289 936 1361 μεγά-

190 1375 252 1434 λως·
278 1363 345 1426 άλία
357 1367 385 1424 δέ
404 1368 468 1443 ἔργα
480 1367 623 1434 άπεδέξατο
639 1368 687 1426 λὼν
699 1373 728 1426 έν
741 1368 773 1445 τῇ
785 1366 852 1445 άργῇ
865 1369 936 1436 ‹ism-

190 1473 359 1529 πηγητοτατα
377 1454 446 1512 τάδε.

246 1554 293 1614 17.
306 1532 465 1610 Ἐπολίμησε
477 1537 650 1606 Μιλησίοισι,
667 1535 879 1612 παραδεξάμενος
891 1539 936 1593 τδν

190 1618 305 1690 πόλεμον
317 1623 391 1694 παρά
405 1624 452 1678 τοῦ
466 1622 574 1694 πατρίς.
592 1619 742 1683 έπελοάνων
753 1623 806 1694 γάρ
818 1623 937 1696 έπολιάρ·

189 1723 231 1759 κεε
242 1703 290 1773 την
303 1703 426 1772 Μίλητον
439 1705 528 1778 τρόπῳ
546 1705 651 1777 τοιῷδε·
677 1700 743 1768 ὅκως
753 1707 802 1776 μέν
813 1707 852 1774 εἴη
866 1709 894 1761 έν
905 1699 937 1780 τῇ

189 1785 225 1860 γῇ
236 1787 339 1860 καρπδς
352 1785 439 1860 ἁδρὸς,
455 1790 601 1856 τηνικαῦτα
612 1789 729 1859 ἐςέβαλλε
744 1789 792 1856 την
804 1789 937 1862 στρατιήν·

189 1869 357 1944 ἐστρατεύετο
371 1870 399 1926 δέ
414 1871 465 1927 ὑπὸ
479 1871 611 1944 συρίγγων
623 1892 650 1926 το
662 1871 709 1926 καί
721 1871 868 1941 πηκτίδων,
894 1870 939 1927 καί

190 1948 273 2010 αὐλοῦ
286 1945 443 2028 γυναικηίου
456 1973 483 2008 τε
496 1955 543 2010 καί
555 1952 692 2030 άνδρηίου.
705 1953 738 2018 ὡς
752 1955 779 2010 δὲ
792 1957 940 2023 5312}th-

189 2034 419 2107 ληοίηνάπίιιοιτο,
433 2035 617 2110 οίκήματαμέν
625 2036 709 2092 τάέπί
719 2039 769 2092 τῶν
781 2035 939 2114 άγρῶνοίίτε

190 2121 353 2191 κατέβαλλον,
369 2117 430 2177 οὔτε
442 2121 595 2196 ἐνεπίμπρη,
609 2116 670 2178 οὔτε
682 2121 772 2197 θίρας
784 2123 901 2188 άπέσπα,
910 2121 940 2177 ἔα

190 2202 219 2258 δέ
232 2205 299 2258 κατά
308 2204 395 2280 χώρην
408 2206 555 2277 ἑστάμεναι·
568 2205 584 2260 ά
598 2204 626 2260 δέ
638 2205 671 2260 τά
681 2226 709 2260 τε
721 2203 828 2280 δένδρεα
841 2206 941 2261 καὶτὸν

189 2290 293 2359 καρπὸν
305 2287 352 2342 τδν
364 2293 392 2343 ἐν
405 2286 438 2360 τῇ
454 2287 491 2361 γῇ
507 2282 572 2352 ὅκως
588 2289 776 2362 διαφθείρειεν,
802 2285 943 2344 άπαλλάο·

190 2389 250 2425 σετο
263 2366 354 2424 ὀπίσω.
373 2375 418 2440 τῆς
430 2375 482 2444 γάρ
494 2373 634 2442 θαλάσσης
646 2371 673 2427 οἱ
685 2373 816 2440 Μιλήσιαι
827 2372 943 2445 ἐπεκρά-

188 2472 261 2519 τεον,
288 2449 351 2508 ὥστε
362 2453 472 2529 ἐπέδρης
483 2456 520 2524 μη
534 2449 601 2510 εἶναι
613 2455 689 2528 ἔργον
701 2457 733 2528 τῇ
746 2456 867 2529 στρατιῇ.
896 2459 944 2520 τάς

189 2537 216 2591 δέ
230 2534 314 2600 οἰκίας
326 2532 359 2592 ου’
372 2539 528 2607 κατέβαλλον
541 2537 660 2602 δΛυδδς
672 2539 751 2592 τῶνδε
765 2538 860 2605 είκενα,
875 2535 945 2600 ὅπως

188 2619 269 2692 λ’γοιιν
287 2621 413 2678 ένδείιτεν
425 2621 585 2698 δρμείεμενοι
600 2623 647 2691 την
658 2623 708 2696 γῆν
721 2621 837 2696 σπείρειν
853 2643 882 2678 τε
897 2619 943 2678 καί
