2038 2994
180 165 235 226 194
416 157 656 226 ζππαοοοτε

179 285 258 342 ἐπεάν
271 283 299 339 δέ
311 282 417 360 πλήρεις
428 284 553 356 γένωνται
562 286 590 339 έν
602 282 636 357 τῇ
648 283 791 386 θριλάσση
811 280 932 339 ἀναπλώ-

179 389 242 425 ουσι
258 364 343 426 ἀπίσω
361 371 388 432 ές
405 362 476 436 ἤθεα
494 369 529 422 τά
549 364 683 422 έωυτῶν’
668 386 782 423 εκαοτοι.
808 363 933 441 ἡγέονται

177 455 267 528 μέντοι
280 473 309 526 γε
320 447 407 552 οάκέτι
419 449 446 506 οἱ
459 445 549 516 αάτοί,
570 448 683 506 ἀλλά
649 471 700 506 των
712 454 817 522 θηλέων
828 451 933 525 γίνεται

177 524 343 611 ἧὴγεμονίη.
367 529 511 609 ἡγεύμεναι
535 533 563 589 δέ
581 531 709 609 ἀγεληδὸν
727 555 846 601 ποιευσι,
873 527 933 589 οἷόν

177 639 228 694 περ
240 617 384 675 ἐποίευνε
358 639 385 674 οι
398 618 503 693 ἔρσενες.
528 619 580 674 τῶν
596 619 650 692 γολρ
663 613 719 673 ὠῶν
732 615 933 693 ἀπορραίνουσι

178 723 229 760 κατ
226 697 400 777 ’ἀλίγοος”
366 723 417 758 των
429 703 557 777 κέγχρων·
578 701 606 758 οί
618 700 674 758 έέ”
660 721 759 802 εροινες
770 701 933 757 καταπίνου·

178 805 206 842 σι
219 787 352 859 ἑπόμενοι.
378 784 429 842 εἰσι
419 785 515 842 θέ
487 807 514 842 οι
527 787 632 862 κέγχροι
644 805 721 841 ουτοι
734 782 834 890 ίγθιίες.
860 788 889 840 ἐκ
903 783 933 839 δέ

177 871 230 926 τῶν
242 873 445 946 περιγινομένων
463 891 510 926 και
500 869 564 942 μὴ
583 870 799 942 καταπινομένων
817 870 933 970 κέγχρων

178 951 206 1009 εί
224 956 381 1028 τρεφόμενοι
403 950 496 1023 ίχθιίες
519 955 647 1027 γίνονται.
675 973 703 1009 οι
689 947 793 1006 ‘'³'‘ss
766 971 809 1016 ,αν
831 948 933 1008 αὐτέων

178 1034 261 1092 ἁλῶσι
273 1037 430 1100 ίκπλέιοντες
447 1040 473 1103 ές
488 1039 646 1105 θοίλασοαν,
672 1036 816 1109 φαίνονται
828 1056 933 1112 τετριμ-

176 1122 254 1194 μένοι
264 1119 298 1174 τοί
309 1123 469 1195 έπαριοτερεί
481 1122 533 1175 τῶν
551 1123 691 1192 κεφαλέων·
716 1119 744 1176 οἳ
756 1114 783 1175 δ’
799 1115 832 1175 ἀν
845 1115 933 1174 ὀπίσω

178 1200 367 1270 ἀναπλώοντες,
385 1203 420 1258 τοί
433 1202 548 1266 έπιιίεξιέι
566 1205 729 1281 τετρίφαται.
755 1204 887 1271 πάσχουσι
903 1202 932 1258 δέ

177 1285 264 1342 ταῦτα
277 1283 321 1341 διὰ
337 1285 406 1343 τόδε.
431 1288 551 1360 ἐχόμενοι
568 1291 614 1356 τῆς
631 1291 680 1362 γῆς
691 1283 731 1342 ἐπ’
746 1283 871 1362 ἀριστερὰ
885 1307 934 1342 κα·

177 1369 332 1428 ταπλὼουσι
344 1373 369 1436 ές
381 1372 533 1438 θάλασσαν,
539 1369 585 1426 καί
598 1369 780 1436 ἀναπλώοντες
792 1366 877 1426 ὀπίσω
886 1373 934 1439 τῆς

179 1450 260 1524 αὐτῆς
272 1452 439 1524 ἀντέχονται,
460 1455 675 1528 ἐγχριμπτόμενοι
693 1454 739 1510 καί
753 1453 886 1527 ψαύοντες
898 1452 933 1518 ὦς

177 1538 307 1612 μάλιστα,
331 1539 377 1593 ἵνα
393 1540 431 1610 μὴ
447 1535 589 1612 ἁμάρτοιεν
602 1542 646 1608 τῆς
659 1539 725 1594 ὁδοῦ
740 1537 785 1592 ὅιοί
796 1539 843 1594 τὸν
856 1539 932 1612 ῥόον.

173 1618 259 1676 έπεὰν
273 1620 300 1676 δι’
313 1620 488 1690 πληθέιεοθαι
501 1617 613 1696 ἀργηται
625 1622 641 1678 ὅ
655 1627 761 1689 Νεῖλος,
789 1621 822 1678 τοί
834 1641 861 1676 τε
875 1623 933 1677 κοῒ·

177 1705 212 1758 λα
224 1703 270 1772 τῆς
287 1707 335 1776 γῆς
356 1703 403 1759 καί
419 1702 453 1760 τά
474 1705 587 1778 τέλματα
606 1703 638 1761 τά
657 1704 730 1781 παρὰ
748 1708 795 1762 τίν
807 1705 933 1778 ποταμόν

177 1789 269 1863 πρῶτα
281 1781 391 1860 ἀρχεται
408 1788 578 1854 πίπλασθαι,
606 1787 762 1860 διηθέοντος
773 1789 821 1844 τοῦ
832 1783 932 1854 ὕδατος

176 1873 206 1925 ἐκ
215 1868 264 1924 τοῦ
277 1871 409 1926 ποταιιολ·
433 1869 479 1927 καί
492 1866 588 1928 αὐτίκα
602 1893 629 1928 τε
640 1875 706 1929 πλέα
718 1873 821 1948 γίνεται
832 1873 930 1939 ταῦτα,

177 1952 222 2008 καί
241 1955 402 2027 παραχρῆμα
422 1951 525 2024 ἀχθέων
543 1958 659 2030 σμικρῶν
682 1958 814 2014 πίπίαται
831 1957 930 2012 πιίντα.

177 2038 260 2093 κόθεν
273 2036 301 2092 δέ
313 2035 382 2103 είκὸς
391 2033 488 2104 αάτοάς
505 2041 642 2114 γίνεσθαι,
662 2041 712 2116 ἐγώ
724 2061 772 2114 μοι
785 2038 869 2094 δοκέω
880 2059 929 2093 κα-

176 2123 282 2177 τανοεῖν
294 2123 384 2178 τοῦτο.
404 2124 453 2178 τοῦ
478 2125 608 2198 προτέρου
625 2123 695 2190 ἔτεος
712 2120 792 2180 έπεάν
807 2120 930 2196 ἀπολίπῃ

177 2203 193 2258 ὅ
208 2207 302 2270 Νεῖλος
307 2247 316 2272 ,
337 2203 364 2261 οἱ
377 2202 469 2273 ἶχθέιες
482 2205 508 2262 οἱ
521 2209 637 2270 τεκόντες
649 2203 687 2263 ένά
701 2211 726 2272 ές
739 2209 787 2276 τήν
801 2203 857 2262 ίλύν
870 2201 929 2278 ἅμα

177 2285 214 2358 τῷ
224 2289 323 2361 έσχοίτῳ
334 2284 413 2343 ὕδατι
426 2287 657 2345 ἀπαλλάσσονται·
682 2293 762 2346 ἐπεοίν
782 2288 810 2345 δέ
827 2291 930 2364 περιελ-

175 2372 277 2435 θόντος
287 2372 335 2426 τοῦ
345 2373 446 2445 χρόνον
458 2374 538 2428 ποίλιν
554 2375 656 2448 ἐπέλθῃ
673 2375 704 2429 τέ
717 2370 803 2446 ὕδωρ,
829 2375 858 2428 έν
874 2373 929 2427 τῶν

175 2450 233 2510 ἀάν
242 2453 344 2510 τούτων
354 2455 507 2529 παραυτίκα
519 2455 640 2529 γίνονται
653 2455 681 2513 οῖ
693 2453 794 2526 ἰχθύες.
808 2454 854 2512 καί
866 2453 928 2531 περί
965 2513 973 2522 ,

175 2537 222 2612 μὲν
234 2537 297 2604 τοίς
309 2535 389 2607 ίχθῦς
398 2531 468 2594 οὕτω
481 2537 538 2608 ἔχει.

230 2622 280 2698 94.
290 2616 420 2696 Ἀλείφατι
433 2621 462 2679 δέ
475 2623 602 2700 χρέωνται
613 2619 767 2698 Αίγυπτίων
780 2619 808 2680 σί
819 2620 879 2700 περί
893 2621 926 2680 τᾶ
