2022 3006
156 137 210 198 152
347 159 351 166 ·
423 125 655 198 ,σοαοοοτι
715 117 719 126 “

157 249 259 329 μᾶλλον
271 252 312 310 έτι
324 245 466 357 εσσοότφ,
483 248 536 327 ὅσῳ
548 253 688 315 ἐλάσσονες
698 243 788 314 ἐόντες
794 249 907 310 ἀσθενέ-

157 359 236 413 στερα
248 340 283 393 τό
296 335 414 412 ῥεύματα
426 338 594 410 παρέχονται
609 333 659 392 είοι
650 333 702 390 δὲ
714 335 850 392 πολλοὶ
820 357 867 408 μεν
879 335 906 393 ἒν

158 443 189 496 τη
179 422 290 496 Συρίῃ
302 418 428 495 ποταμοί,
443 419 538 475 πολλοὶ
551 419 579 475 δι’
590 423 619 476 ἐν
631 440 663 493 τη
653 417 812 494 Ληίέιῃ,ι
789 440 817 475 οι
812 416 908 477 οὐδέν

157 508 280 562 τοιοῦτον
293 505 433 574 πάσχουσι,
454 495 512 558 οἷόν
525 523 551 558 τι
560 502 607 558 καὶ
619 523 634 560 ο
625 503 750 567 εΝεῖλος.

212 603 260 649 21.
279 584 317 643 ‘H
325 583 353 643 δ’
366 583 469 662 ἑτέρη’
451 589 719 685 ανεπιστυμονεοτέρη
735 589 807 659 μέν’
794 607 850 642 εστι
861 589 909 655 τῆς

158 673 313 744 λελεγμένης,
327 673 396 746 λόχῳ
410 666 472 725 δέ’
450 673 539 738 ειπεῒν,
554 672 777 746 θυινμασιοιτέρη·
802 691 818 738 η
804 665 906 744 λεχει,

159 754 214 811 οἷπό
227 775 275 818 του
287 750 414 811 Ὠκεανοῦ
427 755 520 828 ῥέοντα
532 749 614 809 αότόν
626 756 711 809 ταυτα
720 755 907 840 μηχανᾶσθαι·

157 841 204 894 τὸν
219 834 247 892 δ’
259 833 431 894 ’.”Ωκεανόν
397 857 448 912 μην
460 837 521 913 πέρι
533 839 622 893 πᾶσαν
635 838 710 911 ῥέειν.
774 848 777 856 ’

213 939 262 979 22.
284 918 323 978 ‘H
337 921 365 977 δέ
379 923 452 997 τρίτη
465 923 516 975 τῶν
530 920 604 986 ὁδῶν,
620 923 718 1000 πολλόν
729 921 907 990 ἐπιεικεστάτη

159 1005 255 1070 ἐοῦσα,
282 1004 425 1079 μόλιστα”
411 1022 547 1077 εφευσται.
570 1006 638 1078 λέχει
650 1027 713 1080 χαρ
711 1005 748 1074 δὴ
762 998 874 1060 οὐδ”
839 1004 908 1072 αυτὴ

159 1085 245 1152 οὐδέν,
265 1090 368 1190 φαμένη
381 1089 428 1143 τόν
442 1090 568 1143 Νεῖλον*
552 1090 618 1161 ῥέειν
632 1085 687 1144 ιίειό
700 1090 842 1162 τηκομένης
850 1089 910 1156 χιό·

159 1190 217 1234 νος·
232 1165 260 1233 ὃς
272 1173 323 1242 ῥέει
334 1172 382 1245 μὲν
394 1174 422 1226 ἐκ
434 1170 563 1270 Λιβύης
550 1171 595 1227 διό
606 1174 691 1242 μέσαν
703 1169 880 1237 Αίθιόποιν,’
867 1192 909 1226 ενι-

161 1253 233 1309 διῦοι
246 1251 274 1307 όέ
286 1257 311 1317 ές
323 1257 468 1329 Αἴγυπτον.
483 1256 533 1320 κῶς
545 1274 581 1307 ων
595 1254 703 1325 όῆτα’
673 1275 729 1357 ῥεοι
742 1253 776 1312 όίν
786 1252 841 1310 ατιό
850 1255 911 1324 χιό-

160 1359 211 1405 νος,
232 1335 332 1392 ιίπό”
300 1358 350 1394 των
360 1338 534 1413 θερμοτατων
549 1339 665 1394 τόπων
650 1341 714 1414 ῥέων
726 1343 752 1404 ἐς
764 1360 797 1394 τα
790 1339 910 1413 ψυχρό-

158 1443 238 1526 τεφα,·
261 1423 312 1477 τῶν
328 1424 361 1478 τό
379 1421 463 1478 πολλοί
481 1425 538 1477 ἐστι
555 1417 634 1494 ιίνόρί
646 1443 675 1496 χε
686 1423 842 1496 λοχίζεσθαι
853 1441 910 1477 τοι·

158 1506 245 1562 οίιιιυν
258 1507 318 1580 πέρι
330 1506 376 1579 οῗφ
388 1527 416 1560 τε
428 1507 511 1572 έόντι,
537 1505 570 1568 ὡς
587 1501 651 1560 οὐδὲ
664 1503 735 1572 οἶνός
756 1503 809 1560 οἷπό
820 1507 910 1574 χιόνος

158 1609 213 1661 μιν
221 1591 296 1664 ῥέειν.
321 1593 426 1663 πρῶτον
441 1589 489 1660 μέν
510 1586 554 1643 καί
576 1591 706 1690 μέχιστον
716 1588 862 1663 μαρτύριον
882 1585 911 1644 οἱ

160 1667 253 1746 α’νεμοι
272 1673 443 1746 παρέχονται,
471 1674 591 1736 πνέοντες
604 1669 659 1726 απὸ
672 1675 723 1744 τῶν
732 1673 835 1774 χωρίφν
847 1686 910 1728 του-

160 1757 225 1810 τέων
237 1756 349 1828 θερμοί·
364 1753 486 1830 δεύτερον
500 1750 568 1818 όὲ,“’
551 1775 594 1810 οτι
605 1741 767 1830 ανσμβρος“
753 1777 769 1824 η
780 1756 852 1831 χώρη
864 1753 911 1812 καί

160 1837 338 1914 ἀκρύσταλλος
355 1837 502 1893 όιαιελέει’
489 1841 585 1893 εοῖνσα·
611 1838 655 1894 ἐπὶ
668 1839 696 1894 όέ
706 1841 779 1909 χιόνι
790 1837 911 1912 πεσοίισῃ

161 1923 234 1976 πόσα
248 1915 355 2022 αυὶίχμη
362 1920 417 1977 ἐστι
429 1941 495 1976 υσαι
506 1923 534 1976 εν
548 1923 622 1978 πέντε
635 1919 761 1997 ημέρηοι
787 1918 861 1990 όίςιε,
887 1919 912 1978 εἴ
960 1921 963 1930 ’

159 2005 278 2074 ἐχιόνιζε,
304 2000 355 2060 τίετ’
376 2002 410 2061 όίν
426 2007 512 2060 ταῦτα
529 2007 563 2061 τό
576 2007 668 2080 χωρία·
683 2007 769 2110 τρίτα
783 2003 851 2062 όε
825 2027 852 2061 οι
865 2023 912 2060 αν

158 2091 267 2161 θρωποι
281 2085 333 2143 ὑπό
356 2092 401 2144 τοῦ
421 2088 555 2162 ναόματος
571 2089 718 2161 μέλανεςΗ
691 2109 788 2152 εοντες·
813 2087 913 2144 ἰκτῖνοι

117 2229 118 2232 ,
160 2169 188 2225 όέ
204 2171 249 2227 καί
264 2170 393 2241 χελιδόνες
412 2167 450 2227 δι’
469 2173 537 2236 ἔτεος
552 2173 637 2236 ἐόντες
655 2169 704 2228 οὔτι
723 2170 911 2230 οἷποίεέπουσιτ

157 2253 266 2329 γέρανοι
280 2253 307 2310 δέ
313 2297 321 2322 ,
344 2254 493 2328 φεύγουσαι
508 2257 554 2312 τόν
563 2258 679 2357 χειμῶνα
691 2257 739 2312 τόν
751 2259 781 2311 ἐν
792 2254 825 2328 τῆ
839 2262 912 2311 Σκυ-

157 2337 226 2411 όιιιῇ
237 2337 308 2412 χώρη
320 2341 469 2414 γενόμενον,
496 2341 608 2410 φοιτῶσι
622 2328 648 2404 ές
657 2335 798 2411 χειμασίην
810 2341 836 2400 ἐς
847 2339 912 2443 τορς·

157 2423 256 2486 τόπους
269 2422 386 2524 τσρτοες.
411 2421 434 2478 εί
452 2425 543 2478 τοίνυν
556 2425 661 2493 ἐχιόνιζε
674 2422 719 2477 καὶ
731 2421 833 2478 ὄσονῶν
847 2420 912 2477 σαίν-

158 2525 207 2574 την
219 2525 266 2574 την
276 2505 371 2586 χόιρην,
390 2492 458 2560 δι’
443 2528 474 2574 ης
486 2527 512 2561 τε
526 2508 577 2580 ῥέει
591 2503 636 2560 καὶ
649 2510 676 2560 ει
690 2509 736 2574 τῆς
739 2500 913 2608 Ι·εἰ’ῥχετοιιρέ

159 2607 215 2644 ωνο
206 2587 359 2656 Νείλος,’
345 2609 377 2658 ην
387 2585 650 2658 ἂντοέιτωνοόόέν,
632 2585 795 2664 οιςηιίνιίχκη
804 2589 917 2680 έίέχχει
