2022 3006
258 140 366 192 1551.
390 139 477 193 CAP.
486 139 648 199 '145-145
795 153 832 212 93

72 253 203 330 5Av555.
241 269 313 322 τοῖσι
331 265 360 322 55
378 269 497 324 λοιποῖσι
510 261 582 324 ”Ιωσι
600 267 670 334 ἔδοξε
688 291 768 346 κοινηι
756 269 830 328 ‘'55-

70 371 110 427 7⁰
121 354 236 425 πέμπειν
249 346 402 448 57755055'
388 373 415 417 ες
424 352 560 428 Σπάρτην,
575 349 771 428 ὅεησσμένους”
765 360 830 412 Ιωσι

71 437 216 510 τιμωρέειν.

131 517 198 578 152.
228 516 263 575 05
275 513 325 576 55¹¹
318 527 397 586 Ιωνις
409 507 493 589 0553
508 521 560 578 τῶν
573 543 618 578 και
607 519 830 580 τόιΙΙανιώνιιίν

71 607 141 669 ἐστι,
161 603 272 676 τοῦμὲν
286 599 403 680 οὐρανοῦ
422 604 469 663 καί
481 607 532 662 τῶν
545 603 631 681 ιἰρέων
649 611 677 663 έν
691 628 726 682 τρι
714 606 826 664 καλλί-

71 708 124 762 σιιρ
136 685 283 790 ε’τὺχχυνσν
299 687 471 764 ἱδρυσάμενοι
489 691 584 754 πόλιας
600 691 707 748 πάντων
707 688 826 796 55595·

70 791 127 828 πων
139 773 191 828 τῶν
203 767 277 875 ἡμεῖς
289 772 372 844 ἴδμεν.
401 768 462 830 οὔτε
473 774 527 850 χοίρ
540 776 573 831 τοί
585 769 641 831 ἄνω
654 770 735 846 αὐτῆς
743 778 828 850 χωρία

69 849 156 912 τωῦτό
170 858 254 912 ποιέει
266 855 300 930 τῇ
309 853 410 933 Ιωνίη,
424 853 486 914 οὔτε
498 859 533 913 τοί
545 857 624 926 κοίτω,
639 854 702 915 οὔτε
715 861 748 915 τιὶ
760 863 829 935 πρὸς

69 941 118 1010 τήν
131 939 179 1041 553
194 934 256 997 σι’ίτε
268 942 303 996 τοί
315 944 382 1018 πρὸς
394 943 442 1012 τήν
454 941 573 1018 ἑσπέρην·
592 963 626 998 τα
619 941 723 1016 ’ἦμέν
709 945 763 1000 υπὸ
777 947 826 999 τοῦ

69 1027 179 1099 ψυχροῦ
199 1045 227 1080 τε
245 1024 291 1082 καί
310 1023 394 1102 ὕχρσίι
414 1027 568 1100 πιεζόμενα·
593 1049 627 1084 τα
620 1026 683 1094 55,
711 1026 764 1084 ὑπὸ
777 1029 826 1084 505

67 1109 178 1209 θερμοῦ
191 1129 219 1164 τε
230 1131 275 1165 και
264 1105 444 1184 αὐχμώδεος.
457 1112 580 1186 χίῶσσαν
593 1105 667 1167 55'
634 1131 667 1166 ου
680 1113 729 1181 τὴν
741 1106 826 1183 αὐτην

70 1179 148 1248 οὗτοι
160 1195 327 1266 νενομίκασι,
352 1192 419 1251 ἄλλοί
433 1197 549 1300 τρόπους
567 1197 688 1270 τέσσερας
700 1217 826 1272 παραχω-

67 1277 144 1365 χέων.
164 1279 329 1347 Μίλητος
297 1299 346 1352 μεν
358 1274 459 1336 αὐτέων
471 1279 561 1356 πρώτη
574 1281 658 1336 κέεται
672 1282 747 1346 πόλις
758 1283 825 1381 πρὸς

68 1353 245 1437 μεσαμβρίην·
269 1383 335 1436 μετα
328 1362 378 1418 55
391 1365 491 1429 Μυοῦς
503 1385 530 1420 τε
542 1361 588 1418 καί
599 1364 716 1439 Πριήνη
742 1353 824 1420 αὗται

67 1445 116 1508 μέν
128 1447 202 1501 έν
169 1467 202 1520 τη
214 1448 305 1520 Καρίη
319 1448 500 1518 κατοίκηνται,
526 1449 595 1503 κατὰ
607 1442 693 1502 ταῦτα
687 1446 824 1522 '55055750

67 1531 146 1598 μεναι
158 1550 215 1602 σφι
254 1552 284 1586 αι
274 1529 325 1586 55
336 1535 365 1588 έν
377 1553 409 1606 τη
398 1530 522 1607 Λυδίῃ·
540 1525 664 1604 ”,Εφεσος
676 1531 821 1631 Κολοφὼν,

67 1613 199 1687 Λέβεδος,
216 1617 296 1682 Ίέως,
310 1615 488 1690 Κλαζομεναί,
508 1613 625 1672 Φώκαια.
652 1601 733 1672 αὗται
753 1613 824 1672 55‘
794 1637 824 1671 αι

67 1701 155 1764 πόλιες
172 1718 233 1771 τηοι
230 1701 376 1794 πρότερον
389 1699 542 1774 λεχθείσῃσι
559 1699 736 1776 ὁμολογέουσι
754 1699 824 1756 κατὰ

65 1784 190 1855 χίῶσσαν
208 1775 299 1851 οὐδέν,
320 1805 370 1855 σφι
360 1782 451 1840 55
434 1784 626 1859 σμοωωνέουσι.
652 1781 690 1839 ἔτι
709 1783 737 1838 55
754 1787 823 1860 τρεῖς

66 1861 415 1950 55555057105'155595555555,¹
435 1871 485 1926 τῶν
499 1890 529 1925 αι
519 1867 590 1924 ‘550
608 1867 657 1941 μέν
675 1869 772 1969 νιρσους
784 1864 821 1922 οἶ-

18 1961 19 1976 ’
66 1945 173 2019 κέαται,
188 1950 382 2022 Σιίμοντεκαί
394 1953 476 2008 Χίον·
500 1947 661 2025 ηδέμίαέν
677 1973 708 2024 τη
723 1947 822 2027 ἠπείρῳ

65 2031 188 2139 ίὸρυται,
204 2029 347 2111 Ἕρυθραι.
388 2039 455 2092 Εοι
470 2038 519 2108 μέν
536 2053 586 2090 νυν
604 2057 649 2091 και
639 2029 821 2136 Ἔρυθροίρι

66 2121 135 2176 κατα
126 2115 233 2174 τωύτὸ
245 2117 420 2194 διαλέγονται,
432 2121 536 2194 Σάμιοι
547 2119 576 2174 55
587 2113 627 2175 ἐπ’
641 2121 742 2176 ἑωυτῶν
751 2121 820 2194 μοῦ-

66 2221 114 2258 νοι.
130 2190 209 2259 οἷποι
217 2207 382 2305 χαρακτῆρες
393 2203 551 2313 χλώσοης’
522 2225 637 2290 τεσσερες
649 2199 777 2279 γίνονται.

71 2285 188 2346 143.
218 2285 327 2343 Τούτων
352 2280 424 2359 5}
405 2310 440 2345 ων
462 2291 515 2345 τῶν
530 2279 623 2345 Ἰώνισν
642 2286 669 2343 05
687 2289 820 2358 Μιλήσιοι

63 2371 111 2442 μέν
124 2359 198 2440 ησαν
209 2375 238 2426 ἐν
250 2373 332 2449 σκέπη
346 2394 394 2430 του
379 2368 545 2476 ’φόβου,”
529 2393 620 2449 ορκισν
633 2374 818 2448 ποιησάμενοι·

64 2459 136 2512 τοῖσι
155 2455 183 2510 55
204 2450 305 2512 αὐτέων
323 2458 467 2533 νησιώτησι
483 2479 516 2527 ην
535 2456 620 2512 δεινὸν
638 2453 724 2514 υῦιίέν.
757 2452 817 2511 οὔτε

63 2541 113 2642 χρίρ
125 2525 276 2604 Φοίνικες
260 2542 329 2610 ησοίν
341 2562 378 2597 κω
384 2543 508 2620 Περσέων
519 2542 652 2612 κατήκοοι
667 2536 727 2597 0555
740 2534 816 2595 οὗτοί

64 2621 205 2703 οίΠέρσαι
217 2625 359 2703 ναυβάται.
378 2621 582 2697 ἀπεσχίσθησαν
596 2623 624 2682 55
638 2621 740 2681 ἀπὸ
706 2643 757 2680 των
769 2619 814 2682 55
